    @inproceedings{soa-JensFlorian:BeyondSymHeap:20,
      author = "J. Katelaan and F. Zuleger",
      title = "{Beyond Symbolic Heaps: Deciding Separation Logic With Inductive Definitions}",
      booktitle = "Proceedings of LPAR'11",
      publisher = "EasyChair",
      series = "EPiC Series in Computing",
      volume = "73",
      year = "2020"
    }

  @article{soa-king:se,
  author = {King, James C.},
  title = {Symbolic Execution and Program Testing},
  year = {1976},
  publisher = {Association for Computing Machinery},
  address = {New York, NY, USA},
  volume = {19},
  number = {7},
  journal = {Commun. ACM},
  month = {jul},
  pages = {385–394},
  }

@inproceedings{soa-klee,
author = {Cadar, Cristian and Dunbar, Daniel and Engler, Dawson},
title = {KLEE: Unassisted and Automatic Generation of High-Coverage Tests for Complex Systems Programs},
year = {2008},
publisher = {USENIX Association},
booktitle = {Proceedings of OSDI'08},
pages = {209–224},
location = {San Diego, California},
}

    @inproceedings{soa-popl11tw,
      author = {Madhusudan, P. and Parlato, Gennaro},
      title = {{The Tree Width of Auxiliary Storage}},
      booktitle = {Proceedings of POPL'11},
      year = {2011},
      %isbn = {978-1-4503-0490-0},
      location = {Austin, Texas, USA},
      pages = {283--294},
      publisher = {ACM},
      address = {New York, NY, USA},
    }

    @inproceedings{soa-blume:2012,
      author = {Blume, Christoph and Bruggink, H. J. Sander and Engelke, Dominik and K\"{o}nig, Barbara},
      title = {{Efficient Symbolic Implementation of Graph Automata with Applications to Invariant Checking}},
      booktitle = {Proceedings of ICGT'12},
      year = {2012},
      %isbn = {978-3-642-33653-9},
      location = {Bremen, Germany},
      pages = {264--278},
      numpages = {15},
      publisher = {Springer-Verlag},
      address = {Berlin, Heidelberg},
    }


    @article{soa-brandenburg05,
      author = {Brandenburg, F. J. and Skodinis, K.},
      title = {{Finite Graph Automata for Linear and Boundary Graph Languages}},
      journal = {Theoretical Computer Science},
      issue_date = {28 February 2005},
      volume = {332},
      number = {1-3},
      year = {2005},
      % issn = {0304-3975},
      pages = {199--232},
      publisher = {Elsevier Science Publishers Ltd.},
    }

    @inproceedings{soa-reiter15,
      author = {Reiter, Fabian},
      title = {{Distributed Graph Automata}},
      booktitle = {Proceedings of LICS'15},
      year = {2015},
      %isbn = {978-1-4799-8875-4},
      pages = {192--201},
      publisher = {IEEE Computer Society},
      address = {Washington, DC, USA},
    }
      
    @inproceedings{soa-Radu:CADE21,
      author = {M. Echenim and R. Iosif and N. Peltier},
      title = "{Unifying Decidable Entailments in Separation Logic with Inductive
                Definitions}",
      booktitle = {Proceedings of CADE'21},
      series = {Lecture Notes on Computer Science},
      year = {2021},
      volume = {12699},
      publisher = {Springer}
    }


    @inproceedings{soa-conf/esop/PagelZ21,
      author    = {Jens Pagel and
                   Florian Zuleger},
      title     = {Strong-Separation Logic},
      booktitle = {{Proceedings of ESOP'21}},
      series    = {Lecture Notes on Computer Science},
      volume    = {12648},
      pages     = {664--692},
      publisher = {Springer},
      year      = {2021}
    }
    
    @inproceedings{soa-conf/fossacs/DemriLM18,
      author    = {St{\'{e}}phane Demri and
                   {\'{E}}tienne Lozes and
                   Alessio Mansutti},
      title     = {The Effects of Adding Reachability Predicates in Propositional Separation
                   Logic},
      booktitle = {Proceedings of FoSSaCS'18},
      series    = {Lecture Notes on Computer Science},
      volume    = {10803},
      pages     = {476--493},
      publisher = {Springer},
      year      = {2018}
    }

    @book{soa-books/daglib/0034962,
      author    = {Andrew W. Appel},
      title     = {Program Logics - for Certified Compilers},
      publisher = {Cambridge University Press},
      year      = {2014}
    }

    @inproceedings{soa-BiAbd09,
      author = {C. Calcagno and D. Distefano and P. O'Hearn and H. Yang},
      title = "{Compositional Shape Analysis by Means of Bi-Abduction}",
      booktitle = {Proceedings of POPL'09},
      year = {2009},
      publisher = {ACM},
    }

    @inproceedings{soa-LocLe:VMCAI21,
      author = {Q. Loc Le},
      title = "{Compositional Satisfiability Solving in Separation Logic}",
      booktitle = {Proceedings of VMCAI'21},
      series = {Lecture Notes on Computer Science},
      year = {2021},
      volume = {12597},
      publisher = {Springer}
    }

    @inproceedings{soa-biabduction,
      author    = {Luk{\'{a}}s Hol{\'{\i}}k and
                   Petr Peringer and
                   Adam Rogalewicz and
                   Veronika \v{S}okov{\'{a}} and
                   Tom{\'{a}}s Vojnar and
                   Florian Zuleger},
      title     = {Low-Level Bi-Abduction},
      booktitle = {Proceedings of ECOOP'22},
      series    = {LIPIcs},
      volume    = {222},
      pages     = {19:1--19:30},
      publisher = {Schloss Dagstuhl},
      year      = {2022},
      % editor    = {Karim Ali and Jan Vitek},
    }


    @inproceedings{soa-isl,
      author    = {Azalea Raad and
                   Josh Berdine and
                   Hoang{-}Hai Dang and
                   Derek Dreyer and
                   Peter W. O'Hearn and
                   Jules Villard},
      title     = {Local Reasoning About the Presence of Bugs: Incorrectness Separation
                   Logic},
      booktitle = {Proceedings of CAV'20},
      series    = {Lecture Notes on Computer Science},
      volume    = {12225},
      pages     = {225--252},
      publisher = {Springer},
      year      = {2020},
      % editor    = {Shuvendu K. Lahiri and Chao Wang},
    }

    @article{soa-is,
      author    = {Peter W. O'Hearn},
      title     = {Incorrectness logic},
      journal   = {Proc. {ACM} Program. Lang.},
      volume    = {4},
      number    = {{POPL}},
      pages     = {10:1--10:32},
      year      = {2020},
    }

    @misc{www:fbinfer,
    	author = {{Web Pages of the Facebook Infer}},
    	title = {{The Facebook Infer}},
    	year = "2017 [cit.~2022-08-24]",
    	howpublished = "{\tt http://fbinfer.com/}",
    }

    @BOOK{Pravidla,
      author =       "Zdeněk Hlavsa and others",
      title =        "Pravidla českého pravopisu",
      publisher =    "Academia",
      edition =      "2",
      year =         "2009",
      %isbn =         "80-200-1327-X",
    }
    
    @BOOK{Knuth,
      author =       "Donald E. Knuth",
      title =        "The {\TeX}book",
      publisher =    "Addison-Wesley Publishing Company",
      year =         "1996",
      %isbn =         "0-201-13447-0",
    }
    
    @BOOK{Rybicka,
      author =       "Jiří Rybička",
      title =        "\LaTeX~pro začátečníky",
      publisher =    "Konvoj",
      % edition =      "3",
      year =         "2003",
      %isbn =         "80-7302-049-1",
    }

    @BOOK{Olsak,
      author =       "Petr Olšák",
      title =        "{\TeX}book naruby",
      publisher =    "Konvoj",
      year =         "2001",
      %isbn =         "80-7302-0007-6",
    }

    @BOOK{Eikh,
      author =       "Victor Eikhout",
      title =        "{\TeX}by Topics, a {\TeX}nitian's Reference",
      publisher =    "Addison-Wesley UK",
      year =         "2001",
      %isbn =         "0-201-56882-9",
    }

    @website{cstugWeb,
      author =       "Petr Sojka and others",
      title =        "Československé sdružení uživatelů {\TeX}u",
      howpublished = "online",
      url =          "http://www.cstug.cz",
      cited =        "2019-10-02"
    }

    @webpage{fitWeb,
      author =       "Zdena Rábová and Petr Hanáček and Petr Peringer and Petr Přikryl and Bohuslav Křena",
      title =        "Užitečné rady pro psaní práce",
      howpublished = "online",
      publisher =    "FIT VUT v~Brně",
      year =         "2008",
      month =        11,
      url =          "https://www.fit.vut.cz/study/theses/theses-advice/",
      cited =        "2019-10-02"
    }

    @webpage{citace,
      author =       "Zdena Rábová and Petr Hanáček and Petr Peringer and Petr Přikryl and Bohuslav Křena",
      title =        "Pravidla pro bibliografické citace",
      howpublished = "online",
      publisher =    "FIT VUT v Brně",
      year =         "2019",
      month =        3,
      url =          "https://www.fit.vut.cz/study/theses/citations/",
      cited =        "2019-10-02"
    }
   
    @MISC{biblio,
      author =       "Olga Biernátová and Jan Skůpa",
      title =        "Bibliografické odkazy a citace dokumentů",
      howpublished = "online",
      url =          "http://www.citace.com/download/CSN-ISO-690.pdf",
      publisher =    "Citace.com",
      month =        9,
      address =      "Brno",
      year =         "2011",
      cited =        "2019-10-02"
    }
   
    @webpage{formalniBP,
      author =       "Zdena Rábová and Petr Přikryl and Petr Peringer and Petr Lampa and Bohuslav Křena and jaroslav Dytrych and Petr Veigend",
      title =        "Pokyny k~bakalářským pracím a SZZ",
      howpublished = "online",
      year =         "2019",
      url =          "https://www.fit.vut.cz/study/theses/bachelor-theses/",
      cited =        "2019-10-02"
    }
   
    @webpage{formalniDP,
      author =       "Zdena Rábová and Petr Přikryl and Petr Peringer and Petr Lampa and Bohuslav Křena and jaroslav Dytrych and Petr Veigend",
      title =        "Pokyny k~diplomovým pracím a SZZ",
      howpublished = "online",
      year =         "2019",
      url =          "https://www.fit.vut.cz/study/theses/master-theses/",
      cited =        "2019-10-02"
    }
   
    @MISC{smernice,
      key =          "Szz",
      author =       "Petr Štěpánek",
      title =        "Směrnice rektora č. 72/2017 -- Úprava, odevzdávání a zveřejňování závěrečných prací",
      howpublished = "online",
      year =         "2017",
      url =          "https://www.vutbr.cz/uredni-deska/vnitrni-predpisy-a-dokumenty/smernice-c-72-2017-uprava-odevzdavani-a-zverejnovani-zaverecnych-praci-d161410",
      cited =        "2019-10-02"
    }
   
   @MISC{smerniceFIT,
      author =       "Pavel Zemčík",
      title =        "Směrnice děkana č. 7/2018 -- Úprava, odevzdávání a zveřejňování závěrečných prací na FIT VUT v Brně",
      howpublished = "online",
      year =         "2018",
      url =          "https://www.fit.vut.cz/fit/info/smernice/sm2018-07.pdf",
      cited =        "2019-10-02"
    }
   
    @website{prirucka,
      key =          "Cerna",
      author =       "Anna Černá and Jan Chromý and Hana Konečná and others",
      title =        "Internetová jazyková příručka -- Ústav pro jazyk český Akademie věd ČR, v. v. i.",
      howpublished = "online",
      publisher =    "Centrum zpracování přirozeného jazyka FI MU",
      year =         "2019",
      url =          "http://prirucka.ujc.cas.cz/",
      cited =        "2019-10-02"
    }
     
    @webpage{chyby,
      key =          "Szoke",
      author =       "Igor Szöke",
      title =        "Textová část BP/DP -- Lessons learned",
      howpublished = "online",
      year =         "2012",
      url =          "http://blog.igor.szoke.cz/2012/01/textova-cast-bpdp-lessons-learned-1.html",
      cited =        "2019-10-02"
    }
   
    @webpage{rady,
      key =          "Szoke",
      author =       "Igor Szöke",
      title =        "Píšete diplomku? 15+1 rad, které vám pomohou.",
      howpublished = "online",
      year =         "2011",
      url =          "http://blog.igor.szoke.cz/2011/12/pisete-diplomku-151-rad-ktere-vam.html",
      cited =        "2019-10-02"
    }
   
    @webpage{Beran,
      author =       "Vítězslav Beran",
      title =        "Beran-BP DP Projekty",
      howpublished = "online",
      year =         "2017",
      url =          "http://merlin.fit.vutbr.cz/wiki/index.php/Beran-BP_DP_Projekty",
      cited =        "2019-10-02"
    }

    @MISC{BeranPDF,
      author =       "Vítězslav Beran",
      title =        "Jak psát technickou zprávu",
      howpublished = "online",
      year =         "2013",
      url =          "http://www.fit.vutbr.cz/~beranv/podpora/Jak\%20psat\%20technickou\%20zpravu.pdf",
      cited =        "2019-10-00"
    }
   
    @webpage{Cernocky,
      key =          "Cernocky",
      author =       "Jan Černocký",
      title =        "Černocký BP DP -- obecně",
      howpublished = "online",
      year =         "2016",
      url =          "https://merlin.fit.vutbr.cz/wiki/index.php/Cernocky_BP_DP-obecne",
      publisher = "Wiki FIT VUT v Brně",
      cited =        "2019-10-02"
    }
   
    @webpage{CernockyEnglish,
      key =          "Cernocky",
      author =       "Jan Černocký",
      title =        "English SOS",
      howpublished = "online",
      year =         "2016",
      url =          "https://merlin.fit.vutbr.cz/wiki/index.php/English_SOS",
      cited =        "2019-10-02"
    }
   
    @MISC{Zemcik,
      author =       "Pavel Zemčík",
      title =        "Všeobecné pokyny pro studenty a vůbec",
      howpublished = "online",
      year =         "2012",
      url =          "http://www.fit.vutbr.cz/~zemcik/Pokyny.pdf",
      cited =        "2019-10-02"
    }
   
    @BOOK{Lebrun2011,
      author =       "Jean-Luc Lebrun",
      title =        "Scientific Writing 2.0: a reader and writer's guide",
      publisher =    "World Scientific Publishing",
      year =         "2011",
      edition =      "1",
      %isbn =         "9814350605",
      owner =        "herout",
      timestamp =    "2015.01.20"
    }
  
    @MASTERSTHESIS{Pysny,
      author = {Radek Py{\v{s}}n{\'{y}}},
      type = {Bakal{\'{a}}{\v{r}}sk{\'{a}} pr{\'{a}}ce},
      title = {BiBTeX styl pro {\v{C}}SN ISO 690 a {\v{C}}SN ISO	690-2},
      school = {Vysok{\'{e}} u{\v{c}}en{\'{i}} technick{\'{e}} v Brn{\v{e}}, Fakulta informa{\v{c}}n{\'{i}}ch technologi{\'{i}}},
      year = {2009},
      location = {Brno, CZ},
      language = {czech},
      url = {https://www.fit.vut.cz/study/thesis/7848/}
    }

@article{forester12,
  author    = {Peter Habermehl and
               Luk\'{a}\v{s} Hol{\'i}k and
               Adam Rogalewicz and
               Ji\v{r}\'{i} {\v{S}}im{\'{a}}{\v c}ek and
               Tom\'{a}\v{s} Vojnar},
  title     = {Forest Automata for Verification of Heap Manipulation},
  journal   = {Formal Methods in System Design},
  publisher = {Springer},
  volume    = {41},
  number    = {1},
  pages     = {83--106},
  year      = {2012},
}

@inproceedings{Zee:pldi08,
  author    = {Karen Zee and
               Viktor Kuncak and
               Martin C.\ Rinard},
  title     = {Full functional verification of linked data structures},
  booktitle = {Proceedings of PLDI'08},
  year      = {2008},
  pages     = {349--361},
  publisher = {ACM},
  %isbn      = {978-1-59593-860-2},
}

@article{lists-counters,
  author    = {Ahmed Bouajjani and
               Marius Bozga and
               Peter Habermehl and
               Radu Iosif and
               Pierre Moro and
               Tom\'{a}\v{s} Vojnar},
  title     = {Programs with Lists are Counter Automata},
  journal   = {Formal Methods in System Design},
  volume    = {38},
  number    = {2},
  year      = {2011},
  pages     = {158--192},
}

@inproceedings{thor10,
  author    = {Stephen Magill and
               Ming-Hsien Tsai and
               Peter Lee and
               Yih-Kuen Tsay},
  title     = {Automatic Numeric Abstractions for Heap-manipulating Programs},
  booktitle = {Proceedings of POPL'10},
  year      = {2010},
  pages     = {211--222},
  publisher = {ACM},
}

@inproceedings{halbwachs08,
  author    = "N. Halbwachs and M. P{\'e}ron",
  title     = "{Discovering Properties about Arrays in Simple Programs}",
  booktitle = "Proceedings of PLDI'08",
  year      = "2008",
  pages     = "339--348",
  publisher = "ACM Press",
}


@inproceedings{dragoi:atva12,
  author    = {Ahmed Bouajjani and
               Cezara Dr\u{a}goi and
               Constantin Enea and
               Mihaela Sighireanu},
  title     = {Accurate Invariant Checking for Programs Manipulating Lists
               and Arrays with Infinite Data},
  booktitle = {Proceedings of ATVA'12},
  year      = {2012},
  pages     = {167--182},
  publisher = {Springer},
  series    = {Lecture Notes on Computer Science},
  volume    = {7561},
}

@inproceedings{BiRa:vmcai06,
  author    = {Jesse Bingham and
               Zvonimir Rakamari\'{c}},
  title     = {A Logic and Decision Procedure for Predicate Abstraction
               of Heap-Manipulating Programs},
  booktitle = {Proceedings of VMCAI'06},
  year      = {2006},
  publisher = {Springer},
  series    = {Lecture Notes on Computer Science},
  volume    = {3855},
  pages     = {207--221},
}

@inproceedings{InvaderCAV08,
  author    = {Hongseok Yang and
               Oukseh Lee and
               Josh Berdine and
               Cristiano Calcagno and
               Byron Cook and
               Dino Distefano and
               Peter W.\ O'Hearn},
  title     = {Scalable Shape Analysis for Systems Code},
  booktitle = {Proceedings of CAV'08},
  year      = {2008},
  series    = {Lecture Notes on Computer Science},
  volume    = {5123},
  pages     = {385--398},
  publisher = {Springer},
}

@inproceedings{juggrnaut10,
  author    = {Jonathan Heinen and
               Thomas Noll and
               Stefan Rieger},
  title     = {Juggrnaut: Graph Grammar Abstraction for Unbounded Heap Structures.},
  booktitle = {Proceedings of TTSS'09},
  year      = {2010},
  series    = {ENTCS},
  volume    = {266},
  pages     = {93--107},
  publisher = {Elsevier},
}

@inproceedings{pale97,
  author    = {Jakob L.\ Jensen and
               Michael E.\ J\o{r}gensen and
               Michael I.\ Schwartzbach and
               Nils Klarlund},
  title     = {Automatic Verification of Pointer Programs Using Monadic
               Second-order Logic},
  booktitle = {Proceedings of PLDI'97},
  year      = {1997},
  publisher = {ACM},
  pages     = {226--234},
}

@article{forester-data-acta,
  author    = {Abdulla, Parosh Aziz
               and Hol{\'i}k, Luk{\'a}{\v{s}}
               and Jonsson, Bengt
               and Leng{\'a}l, Ond{\v{r}}ej
               and Trinh, Cong Quy
               and Vojnar, Tom{\'a}{\v{s}}},
  title     = "Verification of heap manipulating programs with ordered data by
               extended forest automata",
  journal   = "Acta Informatica",
  year      = "2016",
  volume    = "53",
  number    = "4",
  pages     = "357--385",
  % issn      = "1432-0525",
  %doi       = "10.1007/s00236-015-0235-0",
  %url       = "http://dx.doi.org/10.1007/s00236-015-0235-0"
}

@inproceedings{sas07:chang_rival_necula,
  author    = {Bor-Yuh Evan Chang and
               Xavier Rival and
               George C.\ Necula},
  title     = {Shape Analysis with Structural Invariant Checkers},
  booktitle = {Proceedings of SAS'07},
  year      = {2007},
  series    = {Lecture Notes on Computer Science},
  volume    = {4634},
  pages     = {384--401},
  publisher = {Springer},
}

@inproceedings{podelski:popl10,
  author    = {Andreas Podelski and
               Thomas Wies},
  title     = {Counterexample-Guided Focus},
  booktitle = {Proceedings of POPL'10},
  year      = {2010},
  publisher = {ACM},
  pages     = {249--260},
}

@inproceedings{cav05:mcpeak_necula,
  author    = {Scott McPeak and
               George C.\ Necula},
  title     = {Data Structure Specifications via Local Equality Axioms},
  booktitle = {Proceedings of CAV'05},
  year      = {2005},
  series    = {Lecture Notes on Computer Science},
  volume    = {3576},
  publisher = {Springer},
  pages     = {476--490},
}

@article{brookes16,
  title={{Concurrent Separation Logic}},
  author={Brookes, Stephen and O'Hearn, Peter W},
  journal={ACM SIGLOG News},
  volume={3},
  number={3},
  pages={47--65},
  year={2016},
  publisher={ACM}
}

@inproceedings{atva07:rakamaric_brutomesso_hu,
  author    = {Zvonimir Rakamari\'{c} and
               Roberto Bruttomesso and
               Alan J.\ Hu and
               Alessandro Cimatti},
  title     = {Verifying Heap-Manipulating Programs in an {SMT} Framework},
  booktitle = {Proceedings of ATVA'07},
  year      = {2007},
  series    = {Lecture Notes on Computer Science},
  volume    = {4762},
  pages     = {237--252},
  publisher = {Springer},
}

@inproceedings{tacas07:chatterjee_lahiri_qadeer,
  author    = {Shaunak Chatterjee and
               Shuvendu K.\ Lahiri and
               Shaz Qadeer and
               Zvonimir Rakaramari\'{c}},
  title     = {A Reachability Predicate for Analyzing Low-Level Software},
  booktitle = {Proceedings of TACAS'07},
  year      = {2007},
  series    = {Lecture Notes on Computer Science},
  volume    = {4424},
  pages     = {19--33},
  publisher = {Springer},
}

@inproceedings{popl08:lahiri_qadeer,
  author    = {Shuvendu K.\ Lahiri and
               Shaz Qadeer},
  title     = {Back to the Future: Revisiting Precise Program Verification
               using {SMT} Solvers},
  booktitle = {Proceedings of POPL'08},
  year      = {2008},
  publisher = {ACM},
  pages     = {171--182},
}

@inproceedings{cousot:popl77,
  author    = {Patrick Cousot and
               Radhia Cousot},
  title     = {Abstract Interpretation: A Unified Lattice Model for Static
               Analysis of Programs by Construction or Approximation of
               Fixpoints},
  booktitle = {Proceedings of POPL'77},
  year      = {1977},
  pages     = {238--252},
  publisher = {ACM},
}

@Inproceedings{cegar,
  author    = {Edmund Clarke and
               Orna Grumberg and
               Somesh Jha and
               Yuan Lu and
               Helmut Veith},
  title     = {Counterexample-Guided Abstraction Refinement},
  bookTitle = {Proceedings of CAV'00},
  year      = {2000},
  publisher = {Springer},
  pages     = {154--169},
  % editor    = {Emerson, E. Allen and Sistla, Aravinda Prasad},
}

@inproceedings{slayer12,
  author    = {J. Berdine and
               A. Cox and
               S. Ishtiaq and 
               C.M. Wintersteiger},
  title     = {Diagnosing Abstraction Failure for Separation Logic-based Analyses},
  booktitle = {Proceedings of CAV'12},
  year      = {2012},
  series    = {Lecture Notes on Computer Science},
  volume    = {7358},
  publisher = {Springer},
}

@inproceedings{splinter15,
  author    = {A. Albarghouthi and
               J. Berdine and
               B. Cook and
               Z. Kincaid},
  title     = {Spatial Interpolants},
  booktitle = {Proceedings of ESOP'15},
  year      = {2015},
  series    = {Lecture Notes on Computer Science},
  volume    = {9032},
  publisher = {Springer},
}

@inproceedings{impact06,
  author    = {R. Jhala and
               K.L. McMillan},
  title     = {Lazy Abstraction with Interpolants},
  booktitle = {Proceedings of CAV'06},
  year      = {2006},
  series    = {Lecture Notes on Computer Science},
  volume    = {4144},
  publisher = {Springer},
}

@inproceedings{bhmv05,
    author = "A. Bouajjani and P. Habermehl and P. Moro and T. Vojnar",
    title = "{Verifying Programs with Dynamic 1-Selector-Linked Structures in
              Regular Model Checking}",
    booktitle = "Proceedings of TACAS'05",
    publisher = "Springer",
    series = "Lecture Notes on Computer Science",
    volume = 3440,
    year = "2005"
}

@inproceedings{bhrv06b,
   author = "A. Bouajjani and P. Habermehl and A. Rogalewicz and T. Vojnar",
   title = "{Abstract Regular Tree Model Checking of Complex Dynamic Data
             Structures}",
   booktitle = {Proceedings of SAS'06},
   publisher = "Springer",
   series = "Lecture Notes on Computer Science",
   volume = "4134",
   year = {2006}
}

@InProceedings{deg06,
  author =       "J.V. Deshmukh and E.A. Emerson and P. Gupta",
  title =        "{Automatic Verification of Parameterized Data Structures}",
  booktitle =    "Proceedings of TACAS'06",
  series    =    "Lecture Notes on Computer Science",
  publisher =    "Springer",
  volume    =    "3920",
  year =         "2006",
}

@techreport{botincan15,
   author      = "M. Botin\v{c}an and 
                  M. Dodds and 
                  S. Magill",
   title       = "{Refining existential properties in separation logic analyses}",
   number      = "arXiv:1504.08309", 
   year        = 2015,
}

@techreport{forester17techrep,
  author    = {Luk\'{a}\v{s} Hol\'{i}k and
               Martin Hru\v{s}ka and
               Ond\v{r}ej Leng\'{a}l and
               Adam Rogalewicz and
               Tom{\'a\v s} Vojnar},
   title    = {Counterexample Validation and Interpolation-Based Refinement for
               Forest Automata},
   number   = {FIT-TR-2016-03},
   year     = {2016},
   url      = {http://www.fit.vutbr.cz/~lengal/pub/FIT-TR-2016-03.pdf}
}

@InProceedings{php15,
  author =       "P. Muller and P. Peringer and T. Vojnar",
  title =        "Predator hunting party",
  booktitle =    "Proceedings of TACAS'15",
  series    =    "Lecture Notes on Computer Science",
  publisher =    "Springer",
  volume    =    "9035",
  year =         "2015",
}

@BOOK{tata,
  author       = {Hubert Comon and
                  Max Dauchet and
                  Remi Gilleron and
                  Christof L\"oding and
                  Florent Jacquemard and
                  Denis Lugiez and
                  Sophie Tison and
                  Marc Tommasi},
  title        = {Tree Automata Techniques and Applications},
  year         = {2008},
}

@inproceedings{mcmillanCAV03,
  author    = {Kenneth L. McMillan},
  title     = {Interpolation and {SAT}-Based Model Checking},
  booktitle = {Proceedings of {CAV}'03},
  pages     = {1--13},
  year      = {2003},
  series    = {Lecture Notes on Computer Science},
  volume    = {2725},
  publisher = {Springer},
}


%%%%%%%%%%%%%%%%%%%%%%%%% ASV %%%%%%%%%%%%%%%%%%%%%%%%%%%%%%%
@phdthesis{jiri:diza,
  author = "Ji\v{r}\'{i} \v{S}im\'{a}\v{c}ek",
  title = "{Harnessing Forest Automata for Verification of Heap Manipulating
            Programs}",
  school = "FIT BUT",
  year = "2012",
}
}


@TechReport{boxesTR,
   author = "Luk\'{a}\v{s} Hol\'{i}k and Ond\v{r}ej Leng\'{a}l and Adam Rogalewicz and Ji\v{r}\'{i} \v{S}im\'{a}\v{c}ek and Tom\'{a}\v{s} Vojnar",
   title = "Fully Automated Shape Analysis Based on Forest Automata",
   pages = 25,
   year = 2013,
   location = "FIT-TR-2013-01, Brno, CZ",
   publisher = "Faculty of Information Technology BUT",
   language = "english",
}


@inproceedings{boxes13,
  author    = {Luk\'{a}\v{s} Hol\'{i}k and
               Ond\v{r}ej Leng\'{a}l and
               Adam Rogalewicz and
               Ji\v{r}\'{i} {\v{S}}im\'{a}\v{c}ek and
               Tom{\'a\v s} Vojnar},
  title     = {Fully Automated Shape Analysis Based on Forest Automata},
  booktitle = {Proceedings of CAV'13},
  year      = {2013},
  publisher = {Springer},
  series    = {Lecture Notes on Computer Science},
  volume    = {8044},
  pages     = {740--755}
}

@inproceedings{vmcai17,
  author    = {Luk\'{a}\v{s} Hol\'{i}k and
               Ond\v{r}ej Leng\'{a}l and
               Adam Rogalewicz and
               Martin Hru{\v{s}}ka and
               Tom{\'a\v s} Vojnar},
  title     = {Counterexample Validation and Interpolation-Based Refinement for Forest Automata},
  booktitle = {Proceedings of VMCAI'17},
  year      = {2017},
  publisher = {Springer},
  series    = {Lecture Notes on Computer Science},
  volume    = {10145},
  pages     = {288--309}
}

@inproceedings{wies07hav,
  author    = {Thomas. Wies and
               Viktor Kuncak and
               Karen Zee and
               Andreas Podelski and
               Martin Rinard},
  title     = {On Verifying Complex Properties using Symbolic Shape Analysis},
  booktitle = {Proceedings of HAV'07},
  year      = {2007},
}

@inproceedings{atva09,
  author    = {Parosh Aziz Abdulla and
               Muhsin Atto and
               Jonathan Cederberg and
               Ran Ji},
  title     = {Automated Analysis of Data-Dependent Programs with Dynamic Memory},
  booktitle = {Proceedings of ATVA'09},
  year      = {2009},
  pages     = {197--212},
  publisher = {Springer},
  series    = {Lecture Notes on Computer Science},
  volume    = {5799},
}

@inproceedings{Loginov:AbstrRefViaInductLearning:05,
  author    = {Alexey Loginov and
               Thomas Reps and
               Mooly Sagiv},
  title     = {Abstraction Refinement via Inductive Learning},
  booktitle = {Proceedings of CAV'05},
  series    = {Lecture Notes on Computer Science},
  publisher = {Springer},
  volume    = {3576},
  year      = {2005},
  pages     = {519--533}
}

@article{sleek12,
  author    = {Wei-Ngan Chin and
               Cristina David and
               Huu Hai Nguyen and
               Shengchao Qin},
  title     = {Automated Verification of Shape, Size and Bag Properties via
               User-defined Predicates in Separation Logic},
  journal   = {Science of Computer Programming},
  volume    = {77},
  number    = {9},
  year      = {2012},
  pages     = {1006--1036},
  publisher = {Elsevier},
}

@article{sleek13,
  author    = {Shengchao Qin and
               Guanhua He and
               Chenguang Luo and
               Wei-Ngan Chin and
               Xin Chen},
  title     = {Loop Invariant Synthesis in a Combined Abstract Domain},
  journal   = {Journal of Symbolic Computation},
  volume    = {50},
  year      = {2013},
  pages     = {386--408},
  publisher = {Elsevier},
}

@inproceedings{beyer:lazy_shape_analysis,
  author    = {Dirk Beyer and
               Thomas A.\ Henzinger and
               Gr\'{e}gory Th\'{e}oduloz},
  title     = {Lazy Shape Analysis},
  booktitle = {Proceedings of CAV'06},
  series    = {Lecture Notes on Computer Science},
  volume    = {4144},
  year      = {2006},
  pages     = {532--546},
  publisher = {Springer},
}

@inproceedings{popl08:chang_rival,
  author    = {Bor-Yuh Evan Chang and
               Xavier Rival},
  title     = {Relational Inductive Shape Analysis},
  booktitle = {Proceedings of POPL'08},
  year      = {2008},
  pages     = {247--260},
  publisher = {ACM},
}

@INPROCEEDINGS{Reynolds:SepLogic:02, 
author={J. C. {Reynolds}}, 
booktitle={Proceedings of LICS'02}, 
title={Separation logic: a logic for shared mutable data structures}, 
year={2002}, 
volume={}, 
number={}, 
pages={55-74}, 
%doi={10.1109/LICS.2002.1029817}, 
ISSN={1043-6871}, 
month={July},}

@article{pale01,
 author = {M{\o}ller, Anders and Schwartzbach, Michael I.},
 title = {The Pointer Assertion Logic Engine},
 journal = {ACM SIGPLAN Notices},
 issue_date = {May 2001},
 volume = {36},
 number = {5},
 month = may,
 year = {2001},
 % issn = {0362-1340},
 pages = {221--231},
 numpages = {11},
 %doi = {10.1145/381694.378851},
 acmid = {378851},
 publisher = {ACM},
 address = {New York, NY, USA},
} 

@InProceedings{InvaderCAV07,
author="Berdine, Josh
and Calcagno, Cristiano
and Cook, Byron
and Distefano, Dino
and O'Hearn, Peter W.
and Wies, Thomas
and Yang, Hongseok",
title="Shape Analysis for Composite Data Structures",
series    = {Lecture Notes on Computer Science},
  volume    = {4590},
booktitle="Proceedings of CAV'07",
year="2007",
publisher="Springer",
pages="178--192",
%isbn="978-3-540-73368-3",
}

@InProceedings{indPrSynt07,
 author = {Guo, Bolei and Vachharajani, Neil and August, David I.},
 title = {Shape Analysis with Inductive Recursion Synthesis},
 booktitle = {Proceedings of PLDI'07},
 issue_date = {June 2007},
 volume = {42},
 number = {6},
 month = jun,
 year = {2007},
 % issn = {0362-1340},
 pages = {256--265},
 numpages = {10},
 %doi = {10.1145/1273442.1250764},
 % acmid = {1250764},
 publisher = {ACM},
} 

@InProceedings{ndqc07,
  title =	"Automated Verification of Shape and Size Properties
		 Via Separation Logic",
  author =	"Huu Hai Nguyen and Cristina David and Shengchao Qin
		 and Wei-Ngan Chin",
  booktitle =	"Proceedings of VMCAI'07",
  publisher =	"Springer",
  year = 	"2007",
  volume =	"4349",
  booktitle =	"VMCAI",
  ISBN = 	"978-3-540-69735-0",
  pages =	"251--266",
  series =	"Lecture Notes on Computer Science",
}

@article{abduction11,
 author = {Calcagno, Cristiano and Distefano, Dino and O'Hearn, Peter W. and Yang, Hongseok},
 title = {Compositional Shape Analysis by Means of Bi-Abduction},
 journal = {Journal of ACM},
 issue_date = {December 2011},
 volume = {58},
 number = {6},
 month = dec,
 year = {2011},
 % issn = {0004-5411},
 pages = {26:1--26:66},
 articleno = {26},
 numpages = {66},
 %doi = {10.1145/2049697.2049700},
 acmid = {2049700},
 publisher = {ACM},
 address = {New York, NY, USA},
 keywords = {Abstract interpretation, compositionality, program proving, separation logic, static analysis},
} 

@article{mpq11,
 author = {Madhusudan, P. and Parlato, Gennaro and Qiu, Xiaokang},
 title = {Decidable Logics Combining Heap Structures and Data},
 journal = {ACM SIGPLAN Notices},
 issue_date = {January 2011},
 volume = {46},
 number = {1},
 month = jan,
 year = {2011},
 % issn = {0362-1340},
 pages = {611--622},
 numpages = {12},
 %doi = {10.1145/1925844.1926455},
 acmid = {1926455},
 publisher = {ACM},
 address = {New York, NY, USA},
} 

@techreport{InvaderTR07,
  title={On scalable shape analysis},
  author={Yang, Hongseok and Lee, Oukseh and Calcagno, Cristiano and Distefano, Dino and O'Hearn, Peter},
  year={2007},
  institution={Citeseer}
}

@InProceedings{doyen:antichain,
  author    = {Laurent Doyen and Jean-Fran\c{c}ois Raskin},
  title     = {{Antichain Algorithms for Finite Automata}},
  booktitle = {TACAS'10},
  year      = {2010},
  volume    = {6015},
  series    = {Lecture Notes on Computer Science},
  pages     = {2-22},
  publisher = {Springer},
  %bibsource = {DBLP, http://dblp.uni-trier.de},
  %ee        = {http://dx.doi.org/10.1007/978-3-642-12002-2_2},
}

@TechReport{abdulla:when:tr,
  author      = {Parosh Aziz Abdulla and Yu-Fang Chen and Luk{\'a\v s} Hol{\'\i}k and Richard Mayr and Tom{\'a\v s} Vojnar},
  title       = {{When Simulation Meets Antichains (on Checking Language Inclusion of NFAs)}},
  institution = {FIT BUT},
  year        = {2010},
  number      = {FIT-TR-2010-01},
  address     = {Brno, Czech Republic},
  publisher   = {FIT BUT},
}

@InProceedings{valmari:bisimilarity,
  author    = {Antti Valmari},
  title     = {{Bisimilarity Minimization in {$\mathcal{O}(m \log n)$} Time}},
  booktitle = {Proceedings of Petri Nets'09},
  year      = {2009},
  volume    = {5606},
  series    = {Lecture Notes on Computer Science},
  pages     = {123-142},
  publisher = {Springer},
  %bibsource = {DBLP, http://dblp.uni-trier.de},
  %ee        = {http://dx.doi.org/10.1007/978-3-642-02424-5_9},
}

@TechReport{holik:optimizing:tr,
  author      = {Luk{\'a\v s} Hol{\' i}k and Ji{\v r\' i} {\v S}im{\'a\v c}ek},
  title       = {{Optimizing an LTS-Simulation Algorithm}},
  institution = {FIT BUT},
  year        = {2009},
  number      = {FIT-TR-2009-03},
  address     = {Brno, Czech Republic},
  publisher   = {FIT BUT},
}

@InProceedings{ganty:fixpoint,
  author    = {Pierre Ganty and Nicolas Maquet and Jean-Fran\c{c}ois Raskin},
  title     = {{Fixpoint Guided Abstraction Refinement for Alternating Automata}},
  booktitle = {Proceedings of CIAA'09},
  year      = {2009},
  volume    = {5642},
  series    = {Lecture Notes on Computer Science},
  pages     = {155-164},
  publisher = {Springer},
  %bibsource = {DBLP, http://dblp.uni-trier.de},
  %ee        = {http://dx.doi.org/10.1007/978-3-642-02979-0_19},
}

@InProceedings{fogarty:buchi,
  author    = {Seth Fogarty and Moshe Y. Vardi},
  title     = {{B{\"u}chi Complementation and Size-Change Termination}},
  booktitle = {Proceedings of TACAS'09},
  year      = {2009},
  volume    = {5505},
  series    = {Lecture Notes on Computer Science},
  pages     = {16-30},
  publisher = {Springer},
  %bibsource = {DBLP, http://dblp.uni-trier.de},
  %ee        = {http://dx.doi.org/10.1007/978-3-642-00768-2_2},
}

@InProceedings{crafa:saving,
  author    = {Silvia Crafa and Francesco Ranzato and Francesco Tapparo},
  title     = {{Saving Space in a Time Efficient Simulation Algorithm}},
  booktitle = {Proceedings of ACSD'09},
  year      = {2009},
  pages     = {60-69},
  publisher = {IEEE},
  %bibsource = {DBLP, http://dblp.uni-trier.de},
  %ee        = {http://doi.ieeecomputersociety.org/10.1109/ACSD.2009.14},
}

@Article{abdulla:uniform,
  author    = {Parosh Aziz Abdulla and Luk{\'a\v s} Hol\'{\i}k and Lisa Kaati and Tom{\'a\v s} Vojnar},
  title     = {{A Uniform (Bi-)Simulation-Based Framework for Reducing Tree Automata}},
  journal   = {Electronic Notes in Theoretical Computer Science},
  year      = {2009},
  volume    = {251},
  pages     = {27-48},
  %bibsource = {DBLP, http://dblp.uni-trier.de},
  %ee        = {http://dx.doi.org/10.1016/j.entcs.2009.08.026},
}

@TechReport{abdulla:mediating:tr,
  author      = {Parosh Aziz Abdulla and Yu-Fang Chen and Luk{\'a\v s} Hol\'{\i}k and Tom{\'a\v s} Vojnar},
  title       = {{Mediating for Reduction (On Minimizing Alternating B{\"u}chi Automata)}},
  institution = {FIT BUT},
  year        = {2009},
  number      = {FIT-TR-2009-02},
  address     = {Brno, Czech Republic},
  publisher   = {FIT BUT},
}

@InProceedings{farzen:extending,
  author    = {Azadeh Farzan and Yu-Fang Chen and Edmund M. Clarke and Yih-Kuen Tsay and Bow-Yaw Wang},
  title     = {{Extending Automated Compositional Verification to the Full Class of Omega-Regular Languages}},
  booktitle = {Proceedings of TACAS'08},
  year      = {2008},
  volume    = {4963},
  series    = {Lecture Notes on Computer Science},
  pages     = {2-17},
  publisher = {Springer},
  %bibsource = {DBLP, http://dblp.uni-trier.de},
  ee        = {http://dx.doi.org/10.1007/978-3-540-78800-3_2},
}

@Article{buchholz:bisimulation,
  author    = {Peter Buchholz},
  title     = {{Bisimulation relations for weighted automata}},
  journal   = {Theoretical Computer Science},
  year      = {2008},
  volume    = {393},
  number    = {1-3},
  pages     = {109-123},
  %bibsource = {DBLP, http://dblp.uni-trier.de},
  ee        = {http://dx.doi.org/10.1016/j.tcs.2007.11.018},
}

@InProceedings{bouajjani:antichain,
  author    = {Ahmed Bouajjani and Peter Habermehl and Luk{\'a}{\v s} Hol\'{\i}k and Tayssir Touili and Tom{\'a}{\v s} Vojnar},
  title     = {{Antichain-Based Universality and Inclusion Testing over Nondeterministic Finite Tree Automata}},
  booktitle = {Proceedings of CIAA'08},
  year      = {2008},
  volume    = {5148},
  series    = {Lecture Notes on Computer Science},
  pages     = {57-67},
  publisher = {Springer},
  %bibsource = {DBLP, http://dblp.uni-trier.de},
  ee        = {http://dx.doi.org/10.1007/978-3-540-70844-5_7},
}

@TechReport{abdulla:uniform:tr,
  author      = {Parosh Aziz Abdulla and Luk{\'a}{\v s} Hol{\'i}k and Lisa Kaati and Tom{\'a}{\v s} Vojnar},
  title       = {{A~Uniform (Bi-)Simulation-Based Framework for Reducing Tree Automata}},
  institution = {FIT BUT},
  year        = {2008},
  number      = {FIT-TR-2008-05},
  address     = {Brno, Czech Republic},
  publisher   = {FIT BUT},
}

@TechReport{abdulla:composed:tr,
  author      = {Parosh Aziz Abdulla and Ahmed Bouajjani and Luk{\'a}{\v s} Hol{\'i}k and Lisa Kaati and Tom{\'a}{\v s} Vojnar},
  title       = {{Composed Bisimulation for Tree Automata}},
  institution = {FIT BUT},
  year        = {2008},
  number      = {FIT-TR-2008-04},
  address     = {Brno, Czech Republic},
  publisher   = {FIT BUT},
}

@InProceedings{vardi:automata2,
  author    = {Moshe Y. Vardi},
  title     = {{Automata-Theoretic Model Checking Revisited}},
  booktitle = {Proceedings of VMCAI'07},
  year      = {2007},
  volume    = {4349},
  series    = {Lecture Notes on Computer Science},
  pages     = {137-150},
  publisher = {Springer},
  %bibsource = {DBLP, http://dblp.uni-trier.de},
  ee        = {http://dx.doi.org/10.1007/978-3-540-69738-1_10},
}

@InProceedings{tsay:goal,
  author    = {Yih-Kuen Tsay and Yu-Fang Chen and Ming-Hsien Tsai and Kang-Nien Wu and Wen-Chin Chan},
  title     = {{GOAL: A Graphical Tool for Manipulating B{\"u}chi Automata and Temporal Formulae}},
  booktitle = {Proceedings of TACAS'07},
  year      = {2007},
  volume    = {4424},
  series    = {Lecture Notes on Computer Science},
  pages     = {466-471},
  publisher = {Springer},
  %bibsource = {DBLP, http://dblp.uni-trier.de},
  ee        = {http://dx.doi.org/10.1007/978-3-540-71209-1_35},
}

@InProceedings{ranzato:new,
  author    = {Francesco Ranzato and Francesco Tapparo},
  title     = {A New Efficient Simulation Equivalence Algorithm},
  booktitle = {Proceedings of LICS'07},
  year      = {2007},
  pages     = {171-180},
  publisher = {IEEE},
  %bibsource = {DBLP, http://dblp.uni-trier.de},
  ee        = {http://doi.ieeecomputersociety.org/10.1109/LICS.2007.8},
}

@InProceedings{hogberg:bisimulation,
  author    = {Johanna H{\"o}gberg and Andreas Maletti and Jonathan May},
  title     = {{Bisimulation Minimisation for Weighted Tree Automata}},
  booktitle = {Proceedings of DLT'08},
  year      = {2007},
  volume    = {4588},
  series    = {Lecture Notes on Computer Science},
  pages     = {229-241},
  publisher = {Springer},
  %bibsource = {DBLP, http://dblp.uni-trier.de},
  ee        = {http://dx.doi.org/10.1007/978-3-540-73208-2_23},
}

@InProceedings{hogberg:backward,
  author    = {Johanna H{\"o}gberg and Andreas Maletti and Jonathan May},
  title     = {{Backward and Forward Bisimulation Minimisation of Tree Automata}},
  booktitle = {Proceedings of CIAA'07},
  year      = {2007},
  volume    = {4783},
  series    = {Lecture Notes on Computer Science},
  pages     = {109-121},
  publisher = {Springer},
  %bibsource = {DBLP, http://dblp.uni-trier.de},
  ee        = {http://dx.doi.org/10.1007/978-3-540-76336-9_12},
}

@Article{abdulla:bisimulation,
  author    = {Parosh Aziz Abdulla and Johanna H{\"o}gberg and Lisa Kaati},
  title     = {{Bisimulation Minimization of Tree Automata}},
  journal   = {Int. J. Found. Comput. Sci.},
  year      = {2007},
  volume    = {18},
  number    = {4},
  pages     = {699-713},
  %bibsource = {DBLP, http://dblp.uni-trier.de},
  ee        = {http://dx.doi.org/10.1142/S0129054107004929},
}

@TechReport{abdulla:computing:tr,
  author      = {Parosh Aziz Abdulla and Ahmed Bouajjani and Luk{\'a}{\v s} Hol{\'i}k and Lisa Kaati and Tom{\' a}{\v s} Vojnar},
  title       = {{Computing Simulations over Tree Automata: Efficient Techniques for Reducing Tree Automata}},
  institution = {FIT BUT},
  year        = {2007},
  number      = {FIT-TR-2007-01},
  address     = {Brno, Czech Republic},
  publisher   = {FIT BUT},
}

@Article{abdulla:tree,
  author    = {Parosh Aziz Abdulla and Axel Legay and Julien d'Orso and Ahmed Rezine},
  title     = {{Tree Regular Model Checking: A Simulation-Based Approach}},
  journal   = {J. Log. Algebr. Program.},
  year      = {2006},
  volume    = {69},
  number    = {1-2},
  pages     = {93-121},
  %bibsource = {DBLP, http://dblp.uni-trier.de},
  ee        = {http://dx.doi.org/10.1016/j.jlap.2006.02.001},
}

@InProceedings{tabakov:experimental,
  author    = {Deian Tabakov and Moshe Y. Vardi},
  title     = {{Experimental Evaluation of Classical Automata Constructions}},
  booktitle = {Proceedings of LPAR'05},
  year      = {2005},
  volume    = {3835},
  series    = {Lecture Notes on Computer Science},
  pages     = {396-411},
  publisher = {Springer},
  %bibsource = {DBLP, http://dblp.uni-trier.de},
  ee        = {http://dx.doi.org/10.1007/11591191_28},
}

@Article{sawa:behavioural,
  author    = {Zdenek Sawa and Petr Jancar},
  title     = {{Behavioural Equivalences on Finite-State Systems are PTIME-hard}},
  journal   = {Computers and Artificial Intelligence},
  year      = {2005},
  volume    = {24},
  number    = {5},
  %bibsource = {DBLP, http://dblp.uni-trier.de},
}

@Article{fritz:simulation,
  author    = {Carsten Fritz and Thomas Wilke},
  title     = {{Simulation relations for alternating B{\"u}chi automata}},
  journal   = {Theoretical Computer Science},
  year      = {2005},
  volume    = {338},
  number    = {1-3},
  pages     = {275-314},
  %bibsource = {DBLP, http://dblp.uni-trier.de},
  ee        = {http://dx.doi.org/10.1016/j.tcs.2005.01.016},
}

@InProceedings{abdulla:simulation,
  author    = {Parosh Aziz Abdulla and Axel Legay and Julien d'Orso and Ahmed Rezine},
  title     = {{Simulation-Based Iteration of Tree Transducers}},
  booktitle = {Proceedings of TACAS'05},
  year      = {2005},
  volume    = {3440},
  series    = {Lecture Notes on Computer Science},
  pages     = {30-44},
  publisher = {Springer},
  %bibsource = {DBLP, http://dblp.uni-trier.de},
  ee        = {http://springerlink.metapress.com/openurl.asp?genre=article{\&}issn=0302-9743{\&}volume=3440{\&}spage=30},
}

@InProceedings{abdulla:minimization,
  author    = {Parosh Aziz Abdulla and Johann Deneux and Lisa Kaati and Marcus Nilsson},
  title     = {{Minimization of Non-deterministic Automata with Large Alphabets}},
  booktitle = {Proceedings of CIAA'05},
  year      = {2005},
  volume    = {3845},
  series    = {Lecture Notes on Computer Science},
  pages     = {31-42},
  publisher = {Springer},
  %bibsource = {DBLP, http://dblp.uni-trier.de},
  ee        = {http://dx.doi.org/10.1007/11605157_3},
}

@Misc{moller:dkbrics,
  author       = {Anders M{\o}ller},
  howpublished = {{\url{http://www.brics.dk/automaton}}},
  year         = {2004},
}

@InProceedings{bouajjani:abstract,
  author    = {Ahmed Bouajjani and Peter Habermehl and Tom{\'a\v s} Vojnar},
  title     = {{Abstract Regular Model Checking}},
  booktitle = {Proceedings of CAV'04},
  year      = {2004},
  volume    = {3114},
  series    = {Lecture Notes on Computer Science},
  pages     = {372-386},
  publisher = {Springer},
  %bibsource = {DBLP, http://dblp.uni-trier.de},
  ee        = {http://springerlink.metapress.com/openurl.asp?genre=article{\&}issn=0302-9743{\&}volume=3114{\&}spage=372},
}

@InProceedings{gurumurthy:complementing,
  author    = {Sankar Gurumurthy and Orna Kupferman and Fabio Somenzi and Moshe Y. Vardi},
  title     = {{On Complementing Nondeterministic B{\"u}chi Automata}},
  booktitle = {Proceedings of CHARME'03},
  year      = {2003},
  volume    = {2860},
  series    = {Lecture Notes on Computer Science},
  pages     = {96-110},
  publisher = {Springer},
  %bibsource = {DBLP, http://dblp.uni-trier.de},
  ee        = {http://springerlink.metapress.com/openurl.asp?genre=article{\&}issn=0302-9743{\&}volume=2860{\&}spage=96},
}

@Article{gentiliny:fromBisimulation,
  author    = {Raffaella Gentilini and Carla Piazza and Alberto Policriti},
  title     = {{From Bisimulation to Simulation: Coarsest Partition Problems}},
  journal   = {J. Autom. Reasoning},
  year      = {2003},
  volume    = {31},
  number    = {1},
  pages     = {73-103},
  %bibsource = {DBLP, http://dblp.uni-trier.de},
  ee        = {http://dx.doi.org/10.1023/A:1027328830731},
}

@Misc{timbuk,
  author       = {Thomas Genet and Val{\'e}rie Viet and Triem Tong},
  title        = {{Timbuk: A Tree Automata Library}},
  howpublished = {{\url{http://www.irisa.fr/lande/genet/timbuk}}},
  year         = {2003},
  key          = {{WWW pages of the Timbuk Library.}},
}

@InProceedings{fritz:state,
  author    = {Fritz, Carsten and Wilke, Thomas},
  title     = {{State Space Reductions for Alternating B\"{u}chi Automata}},
  booktitle = {Proceedings of FSTTCS'02},
  year      = {2002},
  pages     = {157--168},
  address   = {London, UK},
  publisher = {Springer},
  %isbn      = {3-540-00225-1},
}

@InProceedings{bouajjani:extrapolating,
  author    = {Ahmed Bouajjani and Tayssir Touili},
  title     = {{Extrapolating Tree Transformations}},
  booktitle = {Proceedings of CAV'02},
  year      = {2002},
  volume    = {2404},
  series    = {Lecture Notes on Computer Science},
  pages     = {539-554},
  publisher = {Springer},
  %bibsource = {DBLP, http://dblp.uni-trier.de},
  ee        = {http://link.springer.de/link/service/series/0558/bibs/2404/24040539.htm},
}

@InProceedings{abdulla:regular,
  author    = {Parosh Aziz Abdulla and Bengt Jonsson and Pritha Mahata and Julien d'Orso},
  title     = {{Regular Tree Model Checking}},
  booktitle = {Proceedings of CAV'02},
  year      = {2002},
  volume    = {2404},
  series    = {Lecture Notes on Computer Science},
  pages     = {555-568},
  publisher = {Springer},
  %bibsource = {DBLP, http://dblp.uni-trier.de},
  ee        = {http://link.springer.de/link/service/series/0558/bibs/2404/24040555.htm},
}

@PhdThesis{Shahar:01:ToolsTechVerParmSys:01,
  author  = {E. Shahar},
  title   = {{Tools and Techniques for Verifying Parameterized Systems}},
  school  = {Faculty of Mathematics and Computer Science, The Weizmann Inst. of Science},
  year    = {2001},
  address = {Rehovot, Israel},
}

@Article{kupferman:weak,
  author    = {Orna Kupferman and Moshe Y. Vardi},
  title     = {{Weak alternating automata are not that weak}},
  journal   = {ACM Trans. Comput. Log.},
  year      = {2001},
  volume    = {2},
  number    = {3},
  pages     = {408-429},
  %bibsource = {DBLP, http://dblp.uni-trier.de},
  ee        = {http://doi.acm.org/10.1145/377978.377993},
}

@Misc{klarlund:MONA,
  author = {Nils Klarlund and Anders M{\o}ller},
  title  = {{MONA Version 1.4 User Manual}},
  year   = {2001},
  note   = {BRICS, Department of Computer Science, University of Aarhus, Denmark},
  key    = {Mona Manual.},
}

@InProceedings{gastin:fast,
  author    = {Paul Gastin and Denis Oddoux},
  title     = {{Fast LTL to B{\"u}chi Automata Translation}},
  booktitle = {Proceedings of CAV'01},
  year      = {2001},
  volume    = {2102},
  series    = {Lecture Notes on Computer Science},
  pages     = {53-65},
  publisher = {Springer},
  %bibsource = {DBLP, http://dblp.uni-trier.de},
  ee        = {http://link.springer.de/link/service/series/0558/bibs/2102/21020053.htm},
}

@InProceedings{somenzi:efficient,
  author    = {Fabio Somenzi and Roderick Bloem},
  title     = {{Efficient B{\"u}chi Automata from LTL Formulae}},
  booktitle = {Proceedings of CAV'00},
  year      = {2000},
  volume    = {1855},
  series    = {Lecture Notes on Computer Science},
  pages     = {248-263},
  publisher = {Springer},
  %bibsource = {DBLP, http://dblp.uni-trier.de},
}

@Article{bustan:simulation,
  author    = {Doron Bustan and Orna Grumberg},
  title     = {{Simulation Based Minimization}},
  year      = {2000},
  volume    = {1831},
  pages     = {255-270},
  %bibsource = {DBLP, http://dblp.uni-trier.de},
  booktitle = {Proceedings of CADE'00},
  ee        = {http://dx.doi.org/10.1007/10721959_20},
  publisher = {Springer},
  series    = {Lecture Notes on Computer Science},
}




%%%%%%%%%%%%%%%%%%%%%%%%%%%% from Jiri %%%%%%%%%%%%%%%%%%%%%%%%%%%%%%%%%%%%55

@InProceedings{henzinger:computing,
  author    = {Monika Rauch Henzinger and Thomas A. Henzinger and Peter W. Kopke},
  title     = {{Computing Simulations on Finite and Infinite Graphs}},
  booktitle = {Proceedings of FOCS'95},
  year      = {1995},
  pages     = {453-462},
  address   = {Washington, DC, USA},
  publisher = {IEEE},
  %bibsource = {DBLP, http://dblp.uni-trier.de},
  %isbn      = {0-8186-7183-1},
}

@Article{grumberg:model,
  author    = {Orna Grumberg and David E. Long},
  title     = {{Model Checking and Modular Verification}},
  journal   = {ACM Trans. Program. Lang. Syst.},
  year      = {1994},
  volume    = {16},
  number    = {3},
  pages     = {843-871},
  %bibsource = {DBLP, http://dblp.uni-trier.de},
  ee        = {http://doi.acm.org/10.1145/177492.177725},
}

@InProceedings{dams:generation,
  author    = {Dennis Dams and Orna Grumberg and Rob Gerth},
  title     = {{Generation of Reduced Models for Checking Fragments of CTL}},
  booktitle = {Proceedings of CAV'93},
  year      = {1993},
  volume    = {697},
  series    = {Lecture Notes on Computer Science},
  pages     = {479-490},
  publisher = {Springer},
  %bibsource = {DBLP, http://dblp.uni-trier.de},
  ee        = {http://dx.doi.org/10.1007/3-540-56922-7_39},
}

@InProceedings{dill:checking,
  author    = {David L. Dill and Alan J. Hu and Howard Wong-Toi},
  title     = {{Checking for Language Inclusion Using Simulation Preorders}},
  booktitle = {Proceedings of CAV'91},
  year      = {1991},
  volume    = {575},
  series    = {Lecture Notes on Computer Science},
  pages     = {255-265},
  publisher = {Springer},
  %bibsource = {DBLP, http://dblp.uni-trier.de},
  ee        = {http://dx.doi.org/10.1007/3-540-55179-4_25},
}

@Book{cormen:introduction,
  title     = {{Introduction to Algorithms}},
  publisher = {MIT Press},
  year      = {1989},
  author    = {Thomas H. Cormen and Charles E. Leiserson and Ronald L. Rivest},
}

@InProceedings{sistla:complementation,
  author    = {A. Prasad Sistla and Moshe Y. Vardi and Pierre Wolper},
  title     = {{The Complementation Problem for B{\"u}chi Automata with Applications to Temporal Logic (Extended Abstract)}},
  booktitle = {Proceedings of ICALP'85},
  year      = {1985},
  volume    = {194},
  series    = {Lecture Notes on Computer Science},
  pages     = {465-474},
  publisher = {Springer},
  %bibsource = {DBLP, http://dblp.uni-trier.de},
  ee        = {http://dx.doi.org/10.1007/BFb0015772},
}

@InProceedings{meyer:equivalence,
  author    = {Albert R. Meyer and Larry J. Stockmeyer},
  title     = {{The Equivalence Problem for Regular Expressions with Squaring Requires Exponential Space}},
  booktitle = {Proceedings of FOCS'72},
  year      = {1972},
  pages     = {125-129},
  publisher = {IEEE},
  %bibsource = {DBLP, http://dblp.uni-trier.de},
}

@Article{carez:minimalization,
  author  = {Christian Carrez},
  title   = {On the minimalization of non-deterministic automaton},
  journal = {{Laboratoire de {Calcul de la Facult{\'e} des Sciences de l'Universit{\'e} de Lille}}},
  year    = {1970},
}

@InProceedings{brzozowski:canonical,
  author    = {Janusz A. Brzozowski},
  title     = {{Canonical Regular Expressions and Minimal State Graphs for Definite Events}},
  booktitle = {Proceedings of {Mathematical Theory of Automata}},
  year      = {1962},
  volume    = {12},
  series    = {{MRI Symposia Series}},
  pages     = {529-561},
  address   = {{Polytechnic Institute of Brooklyn, NY}},
  publisher = {{Polytechnic Press}},
}

@Article{bhrv06a,
  author    = {Ahmed Bouajjani and Peter Habermehl and Adam Rogalewicz and Tom{\'a\v s} Vojnar},
  title     = {{Abstract Regular Tree Model Checking}},
  journal   = {Electronic Notes in Theoretical Computer Science},
  year      = {2006},
  volume    = {149},
  number    = {1},
  pages     = {37-48},
  %bibsource = {DBLP, http://dblp.uni-trier.de},
  ee        = {http://dx.doi.org/10.1016/j.entcs.2005.11.015},
}

@InProceedings{tacas10,
  author    = {Parosh Aziz Abdulla and Yu-Fang Chen and Luk{\'a\v s} Hol{\'\i}k and Richard Mayr and Tom{\'a\v s} Vojnar},
  title     = {{When Simulation Meets Antichains (on Checking Language Inclusion of NFAs)}},
  booktitle = {Proceedings of TACAS'10},
  year      = {2010},
  volume    = {6015},
  series    = {Lecture Notes on Computer Science},
  pages     = {158-174},
  publisher = {Springer},
  %bibsource = {DBLP, http://dblp.uni-trier.de},
  ee        = {http://dx.doi.org/10.1007/978-3-642-12002-2_14},
}

@InProceedings{libvata,
  author={Leng{\'a}l, Ond{\v{r}}ej and {\v{S}}im{\'a}{\v{c}}ek, Ji{\v{r}}{\'i} and Vojnar, Tom{\'a}{\v{s}}},
  title={VATA: A Library for Efficient Manipulation of Non-deterministic Tree Automata},
  booktitle={Proceedings of TACAS'12},
  year={2012},
  publisher={Springer},
  pages={79--94},
  %isbn={978-3-642-28756-5}
}

@Book{maj,
  title     = {M\'aj},
  author    = {Karel Hynek M\'acha},
  owner     = {holik},
  timestamp = {2019.06.28},
}

@TechReport{forester:techrep,
  author      = {Habermehl, P. and Hol{\'i}k, L. and Rogalewicz, A. and {\v S}im{\' a}{\v c}ek, J. and Vojnar, T.},
  title       = {Forest Automata for Verification of Heap Manipulation},
  institution = {FIT BUT},
  year        = {2011},
  number      = {FIT-TR-2011-001},
  owner       = {holik},
  timestamp   = {2019.06.28},
}

@TechReport{techrep,
  author      = {Hol{\'i}k, L. and Leng\'al, O. and Rogalewicz, A. and {\v S}im{\' a}{\v c}ek, J. and Vojnar, T.},
  title       = {Fully Automated Shape Analysis Based on Forest Automata},
  institution = {FIT BUT},
  year        = {2013},
  number      = {FIT-TR-2013-01},
  owner       = {holik},
  timestamp   = {2019.06.28},
}

@InProceedings{forester11,
  author    = {Habermehl, P. and Hol{\'i}k, L. and Rogalewicz, A. and {\v S}im{\' a}{\v c}ek, J. and Vojnar, T.},
  title     = {Forest Automata for Verification of Heap Manipulation},
  booktitle = {Proceedings of CAV'11},
  year      = {2011},
  volume    = {6806},
  series    = {Lecture Notes on Computer Science},
  pages     = {424--440},
  publisher = {Springer},
  %isbn      = {978-3-642-22109-5},
  owner     = {holik},
  timestamp = {2019.06.28},
}


@Article{pugh90,
  author    = {William Pugh},
  title     = {Skip lists: a probabilistic alternative to balanced trees},
  journal   = {Communications of the ACM},
  year      = {1990},
  volume    = {33},
  number    = {6},
  pages     = {668--676},
  month     = jun,
  % issn      = {0001-0782},
  address   = {New York, NY, USA},
  numpages  = {9},
  owner     = {holik},
  publisher = {ACM},
  timestamp = {2019.06.28},
}

@inproceedings{slayer11,
  author    = {Josh Berdine and
               Byron Cook and
               Samin Ishtiaq},
  title     = {SLAyer: Memory Safety for Systems-Level Code},
  booktitle = {Proceedings of CAV'11},
  pages     = {178--183},
  series    = {Lecture Notes on Computer Science},
  volume    = {6806},
  publisher = {Springer},
  year      = {2011},
  %doi       = {10.1007/978-3-642-22110-1},
  %isbn      = {978-3-642-22109-5},
  timestamp = {Tue, 14 May 2019 10:00:43 +0200},
  biburl    = {https://dblp.org/rec/bib/conf/cav/2011},
  %bibsource = {dblp computer science bibliography, https://dblp.org}
}

@inproceedings{predator11,
  author    = {Kamil Dudka and
               Petr Peringer and
               Tom{\'{a}}s Vojnar},
  title     = {Predator: {A} Practical Tool for Checking Manipulation of Dynamic
               Data Structures Using Separation Logic},
  booktitle = {Proceedings of CAV'11},
  pages     = {372--378},
  series    = {Lecture Notes on Computer Science},
  volume    = {6806},
  publisher = {Springer},
  year      = {2011},
  %doi       = {10.1007/978-3-642-22110-1},
  %isbn      = {978-3-642-22109-5},
  timestamp = {Tue, 14 May 2019 10:00:43 +0200},
  biburl    = {https://dblp.org/rec/bib/conf/cav/2011},
  %bibsource = {dblp computer science bibliography, https://dblp.org}
}

@inproceedings{overlaid11,
  author    = {Oukseh Lee and
               Hongseok Yang and
               Rasmus Petersen},
  title     = {Program Analysis for Overlaid Data Structures},
  booktitle = {Proceedings of CAV'11},
  pages     = {592--608},
  series    = {Lecture Notes on Computer Science},
  volume    = {6806},
  publisher = {Springer},
  year      = {2011},
  %doi       = {10.1007/978-3-642-22110-1},
  %isbn      = {978-3-642-22109-5},
  timestamp = {Tue, 14 May 2019 10:00:43 +0200},
  biburl    = {https://dblp.org/rec/bib/conf/cav/2011},
  %bibsource = {dblp computer science bibliography, https://dblp.org}
}

@MASTERSTHESIS{juggrnaut-learning12,
  author    = {Alexander Dominik Weinert},
  title     = {Inferring Heap Abstraction Grammars},
  school    = {RWTH Aachen},
  year      = {2012},
  type 		= {{BSc} thesis},
}

@inproceedings{locle:secondorder,
  author    = {Quang Loc Le and
               Cristian Gherghina and
               Shengchao Qin and
               Wei{-}Ngan Chin},
  title     = {Shape Analysis via Second-Order Bi-Abduction},
  booktitle = {Proceedings of CAV'14},
  pages     = {52--68},
  series    = {Lecture Notes on Computer Science},
  volume    = {8559},
  publisher = {Springer},
  year      = {2014},
  %doi       = {10.1007/978-3-319-08867-9},
  %isbn      = {978-3-319-08866-2},
  %bibsource = {dblp computer science bibliography, https://dblp.org}
}

%@MASTERSTHESIS{martin:dp,
%    author = {Martin Hru{\v{s}}ka},
%    title = {Verification of Pointer Programs Based on Forest
%	Automata},
%    school = {FIT BUT},
%    year = {2015},
%    location = {Brno, CZ},
%}

@InProceedings{cl11,
author="Dudka, Kamil
and Peringer, Petr
and Vojnar, Tom{\'a}{\v{s}}",
title="An Easy to Use Infrastructure for Building Static Analysis Tools",
booktitle="Proceedings of Computer Aided Systems Theory -- EUROCAST 2011",
year="2012",
publisher="Springer",
address="Berlin, Heidelberg",
pages="527--534",
%isbn="978-3-642-27549-4"
}

@misc{zenodo,
  author       = {Peter Habermehl and
               Luk\'{a}\v{s} Hol\'{i}k and
               Martin Hru{\v{s}}ka and
               Ond\v{r}ej Leng\'{a}l and
               Adam Rogalewicz and
               Ji\v{r}\'{i} {\v{S}}im\'{a}\v{c}ek and
               Tom{\'a\v s} Vojnar},

  title        = {Forester Virtual Machine},
  month        = jul,
  year         = 2019,
  doi          = {10.5281/zenodo.3339213},
  url          = {https://zenodo.org/record/3339213}
}

@misc{foresterweb,
  author       = {Peter Habermehl and
               Luk\'{a}\v{s} Hol\'{i}k and
               Martin Hru{\v{s}}ka and
               Ond\v{r}ej Leng\'{a}l and
               Adam Rogalewicz and
               Ji\v{r}\'{i} {\v{S}}im\'{a}\v{c}ek and
               Tom{\'a\v s} Vojnar},
  title        = {Forester},
  month        = jul,
  year         = 2019,
  url          = {http://www.fit.vutbr.cz/research/groups/verifit/tools/forester/}
}

%%%%%%%%%% SV-COMP chapter %%%%%%%%%%
@misc{svcompweb,
  title        = {Forester},
  month        = jul,
  year         = 2019,
  url          = {http://www.fit.vutbr.cz/research/groups/verifit/tools/forester/}
}

@article{benchexec,
  title={Reliable benchmarking: requirements and solutions},
  author={Dirk Beyer and Stefan L{\"o}we and Philipp Wendler},
  journal={International Journal on Software Tools for Technology Transfer},
  year={2017},
  volume={21},
  pages={1-29}
}

@inproceedings{svcomp15-forester,
   author = "Luk\'{a}\v{s} Hol\'{i}k and Martin Hru\v{s}ka and Ond\v{r}ej Leng\'{a}l and Adam Rogalewicz and Ji\v{r}\'{i} \v{S}im\'{a}\v{c}ek and Tom\'{a}\v{s} Vojnar",
   title = "Forester: Shape Analysis Using Tree Automata (Competition Contribution)",
   pages = "432--435",
   booktitle = "Proceedings of TACAS'15",
   series = "Lecture Notes on Computer Science",
   volume = 9035,
   year = 2015,
   location = "Heidelberg, DE",
   publisher = "Springer Verlag",
   ISBN = "978-3-662-46680-3",
   %doi = "10.1007/978-3-662-46681-0\_37",
   language = "english",
   url = "https://www.fit.vut.cz/research/publication/10791"
}


@inproceedings{fse15-witness,
        author = {Dirk Beyer and Matthias Dangl and Daniel Dietsch and Matthias Heizmann and Andreas Stahlbauer},
        title = {Witness Validation and Stepwise Testification across Software Verifiers},
        booktitle = {Proceedings of ESEC/FSE '15},
        pages = {721-733},
        year = {2015},
        publisher = {ACM, New York},
        %isbn = {978-1-4503-3675-8},
        %doi = {10.1145/2786805.2786867},
        url = {},
        pdf = {https://www.sosy-lab.org/research/pub/2015-FSE.Witness_Validation_and_Stepwise_Testification_across_Software_Verifiers.pdf},
        keyword = {CPAchecker,Software Model Checking,Witness-Based Validation,Witness-Based Validation (main)},
        }

@article{sttt-benchexec,
        author = {Dirk Beyer and Stefan L{\"o}we and Philipp Wendler},
        title = {Reliable Benchmarking: {R}equirements and Solutions},
        journal = {STTT'19},
        volume = {21},
        number = {1},
        pages = {1--29},
        year = {2019},
        %doi = {10.1007/s10009-017-0469-y},
        sha256 = {a50fbc212af394b32166d6354f986e7b1d5bc87220bdc50df899d6a46fedf33c},
        url = {https://www.sosy-lab.org/research/benchmarking/},
        }

@inproceedings{fse16-correct,
        author = {Dirk Beyer and Matthias Dangl and Daniel Dietsch and Matthias Heizmann},
        title = {Correctness Witnesses: {E}xchanging Verification Results Between Verifiers},
        booktitle = {Proceedings of FSE~'16},
        pages = {326-337},
        year = {2016},
        publisher = {ACM},
        % editor = {T.~Zimmermann and J.~Cleland-Huang and Z.~Su},
        %doi = {10.1145/2950290.2950351},
        }
        

%%%%%%%%%% NETYS %%%%%%%%%%%%%%%%%%%%
@inproceedings{netys21,
  author    = {Martin Hru\v{s}ka and
               Luk{\'{a}}\v{s} Hol{\'{\i}}k},
  title     = {Towards Efficient Shape Analysis with Tree Automata},
  booktitle = {Proceedings of NETYS '21},
  series    = {Lecture Notes on Computer Science},
  volume    = {12754},
  pages     = {206--214},
  publisher = {Springer},
  year      = {2021},
  % editor    = {Karima Echihabi and Roland Meyer},
}

@incollection{Thomas:automata,
year={1991},
isbn={978-3-540-54233-9},
booktitle={Automata, Languages and Programming},
volume={510},
series={Lecture Notes on Computer Science},
title={On logics, tilings, and automata},
publisher={Springer},
author={Thomas, Wolfgang},
pages={441-454},
language={English}
}

@article{Enshao:notes,
year={1998},
% issn={1000-9000},
journal={Journal of Computer Science and Technology},
volume={13},
number={6},
%doi={10.1007/BF02946489},
title={Some notes on graph automata, tiling systems and partition logic},
url={http://dx.doi.org/10.1007/BF02946489},
publisher={Science Press},
keywords={Graph automata; tiling systems; picture languages; partition logic},
author={Shen, Enshao},
pages={483-489},
language={English}
}

@book{FlumGrohe:parameterized,
 author = {Flum, J. and Grohe, M.},
 title = {Parameterized Complexity Theory (Texts in Theoretical Computer Science. An EATCS Series)},
 year = {2006},
 %isbn = {3540299521},
 publisher = {Springer-Verlag New York, Inc.},
 address = {Secaucus, NJ, USA},
} 

@misc{Holik:sclerotic,
year={2010},
title={Sclerotic Automata},
author={Lukas Holik},
}

@incollection{Katelaan:seplog,
  author    = {Katelaan, J. and
               Matheja, C. and
               Zuleger, F.},
  title     = {Effective Entailment Checking for Separation Logic with Inductive
               Definitions},
  booktitle = {Proceedings of TACAS '19},
  series    = {Lecture Notes on Computer Science},
  volume    = {11428},
  pages     = {319--336},
  publisher = {Springer},
  year      = {2019},
}

@misc{pagel,
      title={Complete Entailment Checking for Separation Logic with Inductive Definitions}, 
      author={Pagel, J. and Matheja, C. and Zuleger, F.},
      year={2020},
      eprint={2002.01202},
      archivePrefix={arXiv},
}

@incollection{Iosif:CSL,
  author    = {Echenim, M. and
               Iosif, R. and
               Peltier, N.},
  title     = {Decidable Entailments in Separation Logic with Inductive Definitions:
               Beyond Establishment},
  booktitle = {Proceedings of CSL' 21},
  series    = {LIPIcs},
  volume    = {183},
  pages     = {20:1--20:18},
  publisher = {Schloss Dagstuhl - Leibniz-Zentrum f{\"{u}}r Informatik},
  year      = {2021},
}

@incollection{Iosif:LPAR,
  author    = {Echenim, M. and
               Iosif, R. and
               Peltier, N.},
  title     = {Entailment Checking in Separation Logic with Inductive Definitions
               is 2-EXPTIME hard},
  booktitle = {Proceedings of LPAR 2020},
  series    = {EPiC Series in Computing},
  volume    = {73},
  pages     = {191--211},
  publisher = {EasyChair},
  year      = {2020},
}

@article{Courcelle,
  author = {Courcelle, B.},
title = {The monadic second-order logic of graphs. I. Recognizable sets of finite graphs},
year = {1990},
month = {03},
pages = {12-75},
volume = {85},
journal = {Information and Computation},
%doi = {10.1016/0890-5401(90)90043-H}
}

@incollection{SL-overview,
author={Antonopoulos, T. and Gorogiannis, N. and Haase, Ch. and Kanovich, M. and Ouaknine, J.},
title={Foundations for Decision Problems in Separation Logic with General Inductive Predicates},
booktitle={Proceedings of FOSSACS'14},
year={2014},
publisher={Springer},
address={Berlin, Heidelberg},
pages={411--425},
%isbn={978-3-642-54830-7}
}

@incollection{infer,
author={Calcagno, C.
and Distefano, D.},
title={Infer: An Automatic Program Verifier for Memory Safety of C Programs},
booktitle={Proceedings of NASA FM'11},
year={2011},
publisher={Springer},
address={Berlin, Heidelberg},
pages={459--465},
%isbn={978-3-642-20398-5}
}

@incollection{concur11,
author={Cook, B.
and Haase, C.
and Ouaknine, J.
and Parkinson, M.
and Worrell, J.},
title={Tractable Reasoning in a Fragment of Separation Logic},
booktitle={Proceedings of CONCUR'11},
year={2011},
publisher={Springer},
address={Berlin, Heidelberg},
pages={235--249},
%isbn={978-3-642-23217-6}
}

@incollection{ESOP13,
author={Enea, C. and Saveluc, V. and Sighireanu, M.},
title={Compositional Invariant Checking for Overlaid and Nested Linked Lists},
booktitle={Proceedings of ESOP'13},
year={2013},
publisher={Springer},
address={Berlin, Heidelberg},
pages={129--148},
%isbn={978-3-642-37036-6}
}

@online{vata,
  author = {Luk{\'{a}}s Hol{\'{\i}}k, Ji\v{r}\'{i} \v{S}im\'{a}\v{c}ek, Ond\v{r}ej Leng\'{a}l and Tom{\'{a}}s Vojnar},
  title = {libVATA - A C++ library for efficient manipulation with non-deterministic finite (tree) automata},
  year = 1999,
  url = {https://github.com/ondrik/libvata/},
  urldate = {2010-09-30}
}

@inproceedings{abdulla_flatten_2017,
  author    = {Parosh Aziz Abdulla and
               Mohamed Faouzi Atig and
               Yu{-}Fang Chen and
               Bui Phi Diep and
               Luk{\'{a}}s Hol{\'{\i}}k and
               Ahmed Rezine and
               Philipp R{\"{u}}mmer},
  title     = {Flatten and conquer: {A} framework for efficient analysis of string
               constraints},
  booktitle = {Proceedings of {PLDI}'17},
  pages     = {602--617},
  year      = {2017},
  publisher = {{{ACM} Trans. Comput. Log.}}
}

@inproceedings{holik_string_2018,
  author    = {Luk{\'{a}}\v{s} Hol{\'{\i}}k and
               Petr Jank{\r u} and
               Anthony Widjaja Lin and
               Philipp R{\"{u}}mmer and
               Tom{\'{a}}s Vojnar
               },
  title     = {String Constraints with Concatenation and Transducers Solved Efficiently},
  booktitle = {Proceedings of {POPL}'18},
  year      = {2018},
  series    = {{ACM} Trans. Comput. Log.}
}

@inproceedings{holik_effect_2017,
  author    = {Luk{\'{a}}s Hol{\'{\i}}k and
               Roland Meyer and
               Tom{\'{a}}s Vojnar and
               Sebastian Wolff},
  title     = {Effect Summaries for Thread-Modular Analysis - Sound Analysis Despite
               an Unsound Heuristic},
  booktitle = {Proceedings of {SAS}'17},
  pages     = {169--191},
  year      = {2017},
  series    = {Lecture Notes on Computer Science},
  volume    = {10422},
  publisher = {Springer}
}

@inproceedings{holik_forester_2017,
  author    = {Luk{\'a}{\v s} Hol{\'i}k and
               Martin Hru\v{s}ka and
               Ond{\v r}ej Leng{\'a}l and
               Adam Rogalewicz and
               Ji{\v r}{\' i} {\v S}im{\'a}{\v c}ek and
               Tom{\'a}{\v s} Vojnar},
  title     = {Forester: {F}rom Heap Shapes to Automata Predicates (Competition Contribution)},
  booktitle = {Proceedings of {TACAS}'17},
  pages     = {365--369},
  year      = {2017},
  series    = {Lecture Notes on Computer Science},
  volume    = {10206},
  publisher = {Springer}
}

@inproceedings{fiedor_lazy_2017,
  author    = {Tom{\'a}{\v s} Fiedor and
               Luk{\'a}{\v s} Hol{\'i}k and
               Petr Jank{\r u} and
               Ond{\v r}ej Leng{\'a}l and
               Tom{\'a}{\v s} Vojnar},
  title     = {Lazy Automata Techniques for {WS1S}},
  booktitle = {Proceedings of {TACAS}'17},
  pages     = {407--425},
  year      = {2017},
  series    = {Lecture Notes on Computer Science},
  volume    = {10205},
  publisher = {Springer}
}

@article{abdulla_parametrized_2016,
  author    = {Parosh Aziz Abdulla and
               Fr{\'e}d{\'e}ric Haziza and
               Luk{\'a}{\v s} Hol{\'i}k},
  title     = {Parameterized Verification through View Abstraction},
  journal   = {{STTT}},
  volume    = {18},
  number    = {5},
  pages     = {495--516},
  year      = {2016}
}

@inproceedings{holik_summaries_2016,
  author    = {Luk{\'a}{\v s} Hol{\'i}k and
               Roland Meyer and
               Sebastian Muskalla},
  title     = {Summaries for Context-Free Games},
  booktitle = {Proceedings of {FSTTCS}'16},
  pages     = {41:1--41:16},
  year      = {2016},
  series    = {LIPIcs},
  volume    = {65},
  publisher = {Schloss Dagstuhl - Leibniz-Zentrum fuer Informatik}
}

@inproceedings{holik_predator_2016,
  author    = {Luk{\'a}{\v s} Hol{\'i}k and
               Michal Kotoun and
               Petr Peringer and
               Veronika \v{S}okov{\'{a}} and
               Marek Trtík and
               Tom{\'a}{\v s} Vojnar},
  title     = {Predator Shape Analysis Tool Suite},
  booktitle = {Proceedings of HVC'16},
  pages     = {202--209},
  year      = {2016},
  series    = {Lecture Notes on Computer Science},
  volume    = {10028},
}

@inproceedings{almeida_reduction_2016,
  author    = {Ricardo Almeida and
               Luk{\'a}{\v s} Hol{\'i}k and
               Richard Mayr},
  title     = {Reduction of Nondeterministic Tree Automata},
  booktitle = {Proceedings of TACAS'16},
  pages     = {717--735},
  year      = {2016},
  series    = {Lecture Notes on Computer Science},
  volume    = {9636},
  publisher = {Springer}
}

@inproceedings{holik_run_2016,
  author    = {Luk{\'a}{\v s} Hol{\'i}k and
               Martin Hru\v{s}ka and
               Ond{\v r}ej Leng{\'a}l and
               Adam Rogalewicz and
               Ji{\v r}{\' i} {\v S}im{\'a}{\v c}ek and
               Tom{\'a}{\v s} Vojnar},
  title     = {Run {F}orester, Run Backwards! (Competition Contribution)},
  booktitle = {Proceedings of TACAS'16},
  pages     = {923--926},
  year      = {2016},
  series    = {Lecture Notes on Computer Science},
  volume    = {9636},
  publisher = {Springer}
}

@inproceedings{haziza_pointer_2016,
  author    = {Fr{\'e}d{\'e}ric Haziza and
               Luk{\'a}{\v s} Hol{\'i}k and
               Roland Meyer and
               Sebastian Wolff},
  title     = {Pointer Race Freedom},
  booktitle = {Proceedings of VMCAI'16},
  pages     = {393--412},
  year      = {2016},
  series    = {Lecture Notes on Computer Science},
  volume    = {9583},
  publisher = {Springer},
}

@inproceedings{dudka_low-level_2016,
  author    = {Kamil Dudka and
               Luk{\'a}{\v s} Hol{\'i}k and
               Petr Peringer and
               Marek Trtík and
               Tom{\'a}{\v s} Vojnar},
  title     = {From Low-Level Pointers to High-Level Containers},
  booktitle = {Proceedings of VMCAI'16},
  pages     = {431--452},
  year      = {2016},
  series    = {Lecture Notes on Computer Science},
  volume    = {9583},
  publisher = {Springer},
}

@inproceedings{holik_mediator_2015,
  author    = {Luk{\'a}{\v s} Hol{\'i}k and
               Malte Isberner and
               Bengt Jonsson},
  title     = {Mediator Synthesis in a Component Algebra with Data},
  booktitle = {Proceedings of CSD'15},
  pages     = {238--259},
  year      = {2015},
  series    = {Lecture Notes on Computer Science},
  volume    = {9360},
  publisher = {Springer}
}

@inproceedings{abdulla_norn_2015,
  author    = {Parosh Aziz Abdulla and
               Mohamed Faouzi Atig and
               Yu{-}Fang Chen and
               Luk{\'a}{\v s} Hol{\'i}k and
               Ahmed Rezine and
               Philipp R{\"{u}}mmer and
               Jari Stenman},
  title     = {Norn: {A}n {SMT} Solver for String Constraints},
  booktitle = {Proceedings of CAV'15},
  pages     = {462--469},
  year      = {2015},
  series    = {Lecture Notes on Computer Science},
  volume    = {9206},
  publisher = {Springer},
}

@inproceedings{holik_antichains_2015,
  author    = {Luk{\'a}{\v s} Hol{\'i}k and
               Roland Meyer},
  title     = {Antichains for the Verification of Recursive Programs},
  booktitle = {Proceedings of NETYS'15},
  pages     = {322--336},
  year      = {2015},
  series    = {Lecture Notes on Computer Science},
  volume    = {9466},
  publisher = {Springer},
}

@inproceedings{abdulla_view_2015,
  author    = {Parosh Aziz Abdulla and
               Fr{\'e}d{\'e}ric Haziza and
               Luk{\'a}{\v s} Hol{\'i}k},
  title     = {View Abstraction - {A} Tutorial (Invited Paper)},
  booktitle = {Proceedings of SynCoP'15},
  pages     = {1--15},
  year      = {2015},
  series    = {{OASICS}},
  volume    = {44},
  publisher = {Schloss Dagstuhl - Leibniz-Zentrum fuer Informatik}
}

@inproceedings{baier_nested_2015,
	series = {Lecture Notes on Computer Science},
	title = {Nested Antichains for {WS1S}},
	volume = {9035},
	booktitle = {Proceedings of TACAS'15},
	publisher = {Springer},
	author = {Tom{\'a}{\v s} Fiedor and Luk{\'a}{\v s} Hol{\'i}k and Ond{\v r}ej Leng{\'a}l and  Tom{\'a}{\v s} Vojnar},
	year = {2015},
	pages = {658--674}
}

@inproceedings{abdulla_integrated_2013,
	series = {Lecture Notes on Computer Science},
	title = {An Integrated Specification and Verification Technique for Highly Concurrent Data Structures},
	volume = {7795},
	booktitle = {Proceedings of TACAS'13},
	publisher = {Springer},
	author = {Parosh Aziz Abdulla and Fr{\'e}d{\'e}ric Haziza and Luk{\'a}{\v s} Hol{\'i}k and Bengt Jonsson and Ahmed Rezine},
	year = {2013},
	pages = {324--338},
}

@inproceedings{holik_boxes_2013,
  author    = {Luk\'{a}\v{s} Hol\'{i}k and
               Ond\v{r}ej Leng\'{a}l and
               Adam Rogalewicz and
               Ji\v{r}\'{i} {\v{S}}im\'{a}\v{c}ek and
               Tom{\'a\v s} Vojnar},
  title     = {Fully Automated Shape Analysis Based on Forest Automata},
  booktitle = {Proceedings of CAV'13},
  year      = {2013},
  publisher = {Springer},
  series    = {Lecture Notes on Computer Science},
  volume    = {8044},
  pages     = {740--755}
}

@phdthesis{holik_simulations_2011,
	title = {Simulations and Antichains for Efficient Handling of Finite Automata},
	school = {Department of Intelligent Systems FIT BUT},
	author = {Luk{\'a}{\v s} Hol{\'i}k},
	year = {2011}
}

@inproceedings{abdulla_uniform_2008,
	title = {A Uniform (Bi-)Simulation-Based Framework for Reducing Tree Automata},
	booktitle = {Proceedings of MEMICS'08},
	publisher = {Faculty of Informatics MU},
	author = {A. Parosh Abdulla and Luk{\'a}{\v s} Hol{\'i}k and Lisa Kaati and {Tom{\'a}{\v s} Vojnar}},
	year = {2008},
	pages = {3--11}
}

@article{abdulla_uniform_2009,
	title = {A Uniform (Bi-)Simulation-Based Framework for Reducing Tree Automata},
	volume = {2009},
	number = {251},
	journal = {MEMICS'08},
	author = {A. Parosh Abdulla and Luk{\'a}{\v s} Hol{\'i}k and Lisa Kaati and  Tom{\'a}{\v s} Vojnar},
	year = {2009},
	pages = {27--48}
}

@inproceedings{abdulla_mediating_2009,
	series = {Leibniz International Proceedings in Informatics ({LIPIcs})},
	title = {Mediating for Reduction (on Minimizing Alternating B{\"u}chi Automata)},
	volume = {4},
	booktitle = {Proceedings of FSTTCS'09},
	publisher = {Schloss Dagstuhl - Leibniz-Zentrum fuer Informatik},
	author = {Parosh A. Abdulla and Yu-Fang Chen and Luk{\'a}{\v s} Hol{\'i}k and  Tom{\'a}{\v s} Vojnar},
	year = {2009},
	pages = {1--12}
}

@inproceedings{bouajjani_antichain-based_2008,
	series = {Lecture Notes on Computer Science},
	title = {Antichain-Based Universality and Inclusion Testing over Nondeterministic Finite Tree Automata},
	volume = {5148},
	booktitle = {Proceedings of CIAA'08},
	publisher = {Springer},
	author = {Ahmed Bouajjani and Peter Habermehl and Luk{\'a}{\v s} Hol{\'i}k and Tayssir Touili and  Tom{\'a}{\v s} Vojnar},
	year = {2008},
	pages = {57--67}
}

@inproceedings{abdulla_all_2013,
	series = {Lecture Notes on Computer Science},
	title = {All for the Price of Few},
	volume = {7737},
	booktitle = {Proceedings of VMCAI'13},
	publisher = {Springer},
	author = {Parosh Aziz Abdulla and Fr{\'e}d{\'e}ric Haziza and Luk{\'a}{\v s} Hol{\'i}k},
	year = {2013},
	pages = {476--495}
}

@inproceedings{abdulla_simulation_2010,
	series = {Lecture Notes on Computer Science},
	title = {Simulation Subsumption in Ramsey-Based B{\"u}chi Automata Universality and Inclusion Testing},
	volume = {6174},
	booktitle = {Proceedings of CAV'10},
	publisher = {Springer},
	author = {Parosh Aziz Abdulla and Yu-Fang Chen and Lorenzo Clemente and Luk{\'a}{\v s} Hol{\'i}k and Chih-Duo Hong and Richard Mayr and  Tom{\'a}{\v s} Vojnar},
	year = {2010},
	pages = {132--147}
}

@inproceedings{holik_optimizing_2009,
	title = {Optimizing an {LTS}-Simulation Algorithm},
	booktitle = {Proceedings of MEMICS'09},
	publisher = {Faculty of Informatics MU},
	author = {Luk{\'a}{\v s} Hol{\'i}k and Ji{\v r}{\' i} {\v S}im{\'a}{\v c}ek},
	year = {2009},
	pages = {93--101}
}

@inproceedings{abdulla_advanced_2011,
	series = {Lecture Notes on Computer Science},
	title = {Advanced Ramsey-Based B{\"u}chi Automata Inclusion Testing },
	volume = {6901},
	booktitle = {Proceedings of CONCUR'11},
	publisher = {Springer},
	author = {Parosh Aziz Abdulla and Yu-Fang Chen and Lorenzo Clemente and Luk{\'a}{\v s} Hol{\'i}k and Chih-Duo Hong and Richard Mayr and  Tom{\'a}{\v s} Vojnar},
	year = {2011},
	pages = {187--202}
}

@article{abdulla_composed_2009,
	title = {Composed Bisimulation for Tree Automata},
	volume = {04},
	% issn = {0129-0541},
	journal = {Int. J. Found. Comput. Sci.},
	author = {Parosh Aziz Abdulla and Ahmed Bouajjani and Luk{\'a}{\v s} Hol{\'i}k and Lisa Kaati and  Tom{\'a}{\v s} Vojnar},
	year = {2009},
	pages = {685--700}
}

@inproceedings{holik_efficient_2011,
	series = {Lecture Notes on Computer Science},
	title = {Efficient Inclusion Checking on Explicit and Semi-symbolic Tree Automata},
	volume = {6996},
	booktitle = {Proceedings of ATVA'11},
	publisher = {Springer},
	author = {Luk{\'a}{\v s} Hol{\'i}k and Ond{\v r}ej Leng{\'a}l and Ji{\v r}{\' i} {\v S}im{\'a}{\v c}ek and  Tom{\'a}{\v s} Vojnar},
	year = {2011},
	pages = {243--258}
}

@book{holik_simulations_2010,
	series = {{FIT} {Monograph}},
	title = {Simulations and Antichains for Efficient Handling of Tree Automata},
	publisher = {FIT BUT},
	author = {Luk{\'a}{\v s} Hol{\'i}k and  Tom{\'a}{\v s} Vojnar},
	year = {2010}
}

@inproceedings{abdulla_composed_2008,
	series = {Lecture Notes on Computer Science},
	title = {Composed Bisimulation for Tree Automata},
	volume = {5148},
	booktitle = {Proceedings of CIAA'08},
	publisher = {Springer},
	author = {Parosh A. Abdulla and Ahmed Bouajjani and Luk{\'a}{\v s} Hol{\'i}k and Lisa Kaati and  Tom{\'a}{\v s} Vojnar},
	year = {2008},
	pages = {212--222}
}

@inproceedings{abdulla_verification_2013,
	series = {Lecture Notes on Computer Science},
	title = {Verification of Heap Manipulating Programs with Ordered Data by Extended Forest Automata},
	volume = {8172},
	booktitle = {Proceedings of ATVA'13},
	publisher = {Springer},
	author = {Parosh Aziz Abdulla and Luk{\'a}{\v s} Hol{\'i}k and Bengt Jonsson and Ond{\v r}ej Leng{\'a}l and Cong Quy Trinh and Tom{\'a}{\v s} Vojnar},
	year = {2013},
	pages = {224--239}
}

@inproceedings{holik_counterexample_2007,
	title = {Counterexample Analysis in Abstract Regular Tree Model Checking of Complex Dynamic Data Structures},
	booktitle = {Proceedings of MEMICS'07},
	author = {Luk{\'a}{\v s} Hol{\'i}k and Adam Rogalewicz},
	year = {2007},
	pages = {59--66}
}

@inproceedings{abdulla_computing_2008,
	series = {Lecture Notes on Computer Science},
	title = {Computing Simulations over Tree Automata},
	volume = {4963},
	booktitle = {Proceedings of TACAS'08},
	publisher = {Springer},
	author = {Parosh A. Abdulla and Ahmed Bouajjani and Luk{\'a}{\v s} Hol{\'i}k and Lisa Kaati and  Tom{\'a}{\v s} Vojnar},
	year = {2008},
	pages = {93--108}
}

@inproceedings{abdulla_string_2014,
	series = {Lecture Notes on Computer Science},
	title = {String Constraints for Verification},
	volume = {8559},
	booktitle = {Proceedings of CAV'14},
	publisher = {Springer},
	author = {Abdulla, ParoshAziz and Mohamed Faouzi Atig and Yu-Fang Chen and Luk{\'a}{\v s} Hol{\'i}k and Ahmed Rezine and Philipp R{\"u}mmer and Jari Stenman},
	year = {2014},
	pages = {150--166}
}

@article{abdulla_mediating_2014,
	title = {Mediating for reduction (on minimizing alternating {B{\"u}chi} automata)},
	volume = {552},
	number = {0},
	journal = {Theoretical Computer Science},
	author = {Parosh Aziz Abdulla and Yu-Fang Chen and Luk{\'a}{\v s} Hol{\'i}k and  Tom{\'a}{\v s} Vojnar},
	year = {2014},
	pages = {26--43}
}

@inproceedings{muller-olm_block_2014,
	series = {Lecture Notes on Computer Science},
	title = {Block Me If You Can!},
	volume = {8723},
	booktitle = {Proceedings of SAS'14},
	publisher = {Springer},
	author = {Parosh Aziz Abdulla and Fr{\'e}d{\'e}ric Haziza and Luk{\'a}{\v s} Hol{\'i}k},
	year = {2014},
	pages = {1--17}
}
  


%========================= MY PAPERS END =============================
 

@article{pale,
  author    = {Shmuel Sagiv and
               Thomas W. Reps and
               Reinhard Wilhelm},
  title     = {Parametric shape analysis via 3-valued logic},
  journal   = {{ACM} Transactions on Programming Languages and Systems},
  volume    = {24},
  number    = {3},
  pages     = {217--298},
  year      = {2002},
}


@inproceedings{rmc,
  author    = {Ahmed Bouajjani and
               Bengt Jonsson and
               Marcus Nilsson and
               Tayssir Touili},
  title     = {Regular Model Checking},
  booktitle = {Proceedings of CAV'20},
  pages     = {403--418},
  year      = {2000},
  series    = {Lecture Notes on Computer Science},
  volume    = {1855},
  publisher = {Springer},
}

@inproceedings{rmc_complex_inefficient,
  author    = {Parosh Aziz Abdulla and
               Bengt Jonsson and
               Marcus Nilsson and
               Julien d'Orso},
  title     = {Regular Model Checking Made Simple and Efficient},
  booktitle = {Proceedings of {CONCUR}'02},
  pages     = {116--130},
  year      = {2002},
  series    = {Lecture Notes on Computer Science},
  volume    = {2421},
  publisher = {Springer},
}


@inproceedings{vardhan,
  author    = {Abhay Vardhan and
               Koushik Sen and
               Mahesh Viswanathan and
               Gul Agha},
  title     = {Learning to Verify Safety Properties},
  booktitle = {Proceedings of {ICFEM}'04},
  pages     = {274--289},
  year      = {2004},
  series    = {Lecture Notes on Computer Science},
  volume    = {3308},
  publisher = {Springer},
}


@inproceedings{ruzica_automating,
  author    = {Ruzica Piskac and
               Thomas Wies and
               Damien Zufferey},
  title     = {Automating Separation Logic with Trees and Data},
  booktitle = {Proceedings of {CAV}'14},
  pages     = {711--728},
  year      = {2014},
  series    = {Lecture Notes on Computer Science},
  volume    = {8559},
  publisher = {Springer},
}

@inproceedings{ruzica_slsmt,
  author    = {Ruzica Piskac and
               Thomas Wies and
               Damien Zufferey},
  title     = {Automating Separation Logic Using {SMT}},
  booktitle = {Proceedings of {CAV}'13},
  pages     = {773--789},
  year      = {2013},
  series    = {Lecture Notes on Computer Science},
  volume    = {8044},
  publisher = {Springer},
}

@article{daikon,
title = "The {D}aikon system for dynamic detection of likely invariants",
journal = "Science of Computer Programming",
volume = "69",
number = "1",
pages = "35 - 45",
year = "2007",
note = "Special issue on Experimental Software and Toolkits",
author = "Michael D. Ernst and Jeff H. Perkins and Philip J. Guo and Stephen McCamant and Carlos Pacheco and Matthew S. Tschantz and Chen Xiao",
}


@inproceedings{garg_learning,
  author    = {Pranav Garg and
               Daniel Neider and
               P. Madhusudan and
               Dan Roth},
  title     = {Learning invariants using decision trees and implication counterexamples},
  booktitle = {Proceedings of {POPL}'16},
  pages     = {499--512},
  year      = {2016},
  publisher = {{ACM}},
}

@inproceedings{ICE,
  author    = {Pranav Garg and
               Christof L{\"{o}}ding and
               P. Madhusudan and
               Daniel Neider},
  title     = {{ICE:} {A} Robust Framework for Learning Invariants},
  booktitle = {Proceedings of {CAV}'14},
  pages     = {69--87},
  year      = {2014},
  series    = {Lecture Notes on Computer Science},
  volume    = {8559},
  publisher = {Springer},
}

@inproceedings{becchi_multistride,
  author    = {Michela Becchi and
               Patrick Crowley},
  title     = {Efficient regular expression evaluation: {T}heory to practice},
  booktitle = {Proceedings of {ANCS}'08},
  pages     = {50--59},
  year      = {2008},
  publisher = {{ACM}},
}

@inproceedings{jha_extended,
  author    = {Randy Smith and
               Cristian Estan and
               Somesh Jha and
               Ida Siahaan},
  title     = {Fast Signature Matching Using Extended Finite Automaton {(XFA)}},
  booktitle = {Proceedings of {ICISS}'08},
  pages     = {158--172},
  year      = {2008},
  series    = {Lecture Notes on Computer Science},
  volume    = {5352},
  publisher = {Springer},
}

@inproceedings{graf_construction_1997,
  author    = {Susanne Graf and
               Hassen Sa{\"{\i}}di},
  title     = {Construction of Abstract State Graphs with {PVS}},
  booktitle = {Proceedings of {CAV}'97},
  pages     = {72--83},
  year      = {1997},
  series    = {Lecture Notes on Computer Science},
  volume    = {1254},
  publisher = {Springer}
}

@inproceedings{uribe_generating_1998,
  author    = {Michael Col{\'{o}}n and
               Tom{\'{a}}s E. Uribe},
  title     = {Generating Finite-State Abstractions of Reactive Systems Using Decision
               Procedures},
  booktitle = {Proceedings of {CAV}'98},
  pages     = {293--304},
  year      = {1998},
  series    = {Lecture Notes on Computer Science},
  volume    = {1427},
  publisher = {Springer}
}

@article{bryant_bdd,
 author = {Bryant, Randal E.},
 title = {Graph-Based Algorithms for Boolean Function Manipulation},
 journal = {IEEE Trans. Comput.},
 volume = {35},
 number = {8},
 year = {1986},
 pages = {677--691},
 publisher = {IEEE Computer Society}
 } 

@inproceedings{distefano_infer,
  author    = {Cristiano Calcagno and
               Dino Distefano and
               J{\'{e}}r{\'{e}}my Dubreil and
               Dominik Gabi and
               Pieter Hooimeijer and
               Martino Luca and
               Peter W. O'Hearn and
               Irene Papakonstantinou and
               Jim Purbrick and
               Dulma Rodriguez},
  title     = {Moving Fast with Software Verification},
  booktitle = {Proceedings of {NFM}'15},
  pages     = {3--11},
  year      = {2015},
  series    = {Lecture Notes on Computer Science},
  volume    = {9058},
  publisher = {Springer}
}
@book{courcell_graph_2012,
 author = {Bruno Courcelle and Joost Engelfriet},
 title = {Graph Structure and Monadic Second-Order Logic: {A} Language-Theoretic Approach},
 year = {2012},
 edition = {1st},
 publisher = {Cambridge University Press}
} 

@inproceedings{wolper_tableaux_2009,
  author    = {Pierre Wolper},
  title     = {On the Use of Automata for Deciding Linear Arithmetic},
  booktitle = {Proceedings of {TABLEAUX}'09},
  pages     = {16},
  year      = {2009},
  series    = {Lecture Notes on Computer Science},
  volume    = {5607},
  publisher = {Springer}
}

@inproceedings{boigelot_overview_2002,
  author    = {Bernard Boigelot and
               Pierre Wolper},
  title     = {Representing Arithmetic Constraints with Finite Automata: {A}n Overview},
  booktitle = {Proceedings of {ICLP}'02},
  pages     = {1--19},
  year      = {2002},
  series    = {Lecture Notes on Computer Science},
  volume    = {2401},
  publisher = {Springer}
}

@inproceedings{ganzow:new,
  author    = {Tobias Ganzow and
               Lukasz Kaiser},
  title     = {New Algorithm for Weak Monadic Second-Order Logic on Inductive Structures},
  booktitle = {Proceedings of {CSL}'10},
  year      = {2010},
  pages     = {366--380},
  series    = {Lecture Notes on Computer Science},
  volume    = {6247},
  publisher = {Springer}
}


@inproceedings{dreytel:coalgebras,
  author =  {Dmitriy Traytel},
  title = {A Coalgebraic Decision Procedure for {WS1S}},
  booktitle = {Proceedings of {CSL}'15},
  pages = {487--503},
  series =  {LIPIcs},
  year =  {2015},
  volume =  {41},
  publisher = {Schloss Dagstuhl - Leibniz-Zentrum fuer Informatik}
  }


@inproceedings{jmosel,
  author   = {Christian Topnik and 
              Eva Wilhelm and
              Tiziana Margaria and
              Bernhard Steffen},
  title    = {{jMosel}: {A} Stand-Alone Tool and {jABC} Plugin for {M2L(Str)}},
  booktitle= {Proceedings of {SPIN}'06},
  series   = {Lecture Notes on Computer Science},
  year     = {2006},
  volume   = {3925},
  publisher= {Springer},
  pages    = {293-298}
}

@inproceedings{dsilva_numeric_2012,
  author    = {Vijay D'Silva and
               Leopold Haller and
               Daniel Kroening and
               Michael Tautschnig},
  title     = {Numeric Bounds Analysis with Conflict-Driven Learning},
  booktitle = {Proceedings of {TACAS}'12},
  pages     = {48--63},
  year      = {2012},
  series    = {Lecture Notes on Computer Science},
  volume    = {7214},
  publisher = {Springer}
}


@inproceedings{svcomp_2017,
  author    = {Dirk Beyer},
  title     = {Software Verification with Validation of Results (Report on {SV-COMP}
               2017)},
  booktitle = {Proceedings of {TACAS}'17},
  pages     = {331--349},
  year      = {2017},
  series    = {Lecture Notes on Computer Science},
  volume    = {10206},
  publisher = {Springer}  
}

@inproceedings{sen_jalangi,
  author    = {Koushik Sen and
               Swaroop Kalasapur and
               Tasneem G. Brutch and
               Simon Gibbs},
  title     = {Jalangi: {A} tool framework for concolic testing, selective record-replay,
               and dynamic analysis of {J}ava{S}cript},
  booktitle = {Proceedings of {ESEC/FSE}'13},
  pages     = {615--618},
  year      = {2013},
  publisher = {{ACM} Trans. Comput. Log.}
}

@inproceedings{saxena_symbolic,
 author = {Prateek Saxena and Devdatta Akhawe and Steve Hanna and Feng Mao and Stephen McCamant and Dawn Song},
 title = {A Symbolic Execution Framework for {J}ava{S}cript},
 booktitle = {Proceedings of {SP}'10},
 year = {2010},
 pages = {513--528},
 publisher = {IEEE Computer Society}
 } 

 @article{paige_three_1987,
  author    = {Robert Paige and
               Robert Endre Tarjan},
  title     = {Three Partition Refinement Algorithms},
  journal   = {{SIAM} J. Comput.},
  volume    = {16},
  number    = {6},
  pages     = {973--989},
  year      = {1987}
  }
  

 @techreport{hopcroft_nlogn_1971,
 author = {John E. Hopcroft},
 title = {An {N} Log {N} Algorithm for Minimizing States in a Finite Automaton},
 year = {1971},
 publisher = {Stanford University}
} 

@article{bustan_simulation_2003,
  author    = {Doron Bustan and
               Orna Grumberg},
  title     = {Simulation-based minimazation},
  journal   = {{{ACM} Trans. Comput. Log.}},
  volume    = {4},
  number    = {2},
  pages     = {181--206},
  year      = {2003}
  }

@inproceedings{tinelli_dpll_2004,
  author    = {Robert Nieuwenhuis and
               Albert Oliveras and
               Cesare Tinelli},
  title     = {Abstract {DPLL} and Abstract {DPLL} Modulo Theories},
  booktitle = {Proceedings of {LPAR}'04},
  pages     = {36--50},
  year      = {2004},
  series    = {Lecture Notes on Computer Science},
  volume    = {3452},
  publisher = {Springer}
}


@inproceedings{mcmillan_unfolding,
  author    = {Kenneth L. McMillan},
  title     = {Using Unfoldings to Avoid the State Explosion Problem in the Verification
               of Asynchronous Circuits},
  booktitle = {Proceedings of {CAV}'92},
  pages     = {164--177},
  year      = {1992},
  series    = {Lecture Notes on Computer Science},
  volume    = {663},
  publisher = {Springer}
}

@inproceedings{peled_allforone,
  author    = {Doron A. Peled},
  title     = {All from One, One for All: {O}n Model Checking Using Representatives},
  booktitle = {Proceedings of {CAV}'93},
  pages     = {409--423},
  year      = {1993},
  series    = {Lecture Notes on Computer Science},
  volume    = {697},
  publisher = {Springer}
}

@inproceedings{boigelot_symbolic_1994,
  author    = {Bernard Boigelot and
               Pierre Wolper},
  title     = {Symbolic Verification with Periodic Sets},
  booktitle = {Proceedings of {CAV}'94},
  pages     = {55--67},
  year      = {1994},
  series    = {Lecture Notes on Computer Science},
  volume    = {818},
  publisher = {Springer}
}

@inproceedings{abdulla_rautomat,
  author    = {Parosh Aziz Abdulla and
               Pavel Kr\v{c}{\'{a}}l and
               Wang Yi},
  title     = {R-Automata},
  booktitle = {Proceedings of {CONCUR}'08},
  pages     = {67--81},
  year      = {2008},
  series    = {Lecture Notes on Computer Science},
  volume    = {5201},
  publisher = {Springer}
}


@inproceedings{tinelli-frocos16,
  author    = {Tianyi Liang and
               Nestan Tsiskaridze and
               Andrew Reynolds and
               Cesare Tinelli and
               Clark Barrett},
  title     = {A Decision Procedure for Regular Membership and Length Constraints
               over Unbounded Strings},
  booktitle = {Proceedings of FroCoS'15},
  pages     = {135--150},
  year      = {2015},
  series    = {Lecture Notes on Computer Science},
  volume    = {9322},
  publisher = {Springer}
  }


@inproceedings{tinelli-hotsos16,
  author    = {Clark W. Barrett and
               Cesare Tinelli and
               Morgan Deters and
               Tianyi Liang and
               Andrew Reynolds and
               Nestan Tsiskaridze},
  title     = {Efficient solving of string constraints for security analysis},
  booktitle = {Proceedings of {HotSoS}'16},
  pages     = {4--6},
  year      = {2016},
  publisher = {{{ACM} Trans. Comput. Log.}}
  }


@article{tinelli-fmsd16,
  author    = {Tianyi Liang and
               Andrew Reynolds and
               Nestan Tsiskaridze and
               Cesare Tinelli and
               Clark Barrett and
               Morgan Deters},
  title     = {An efficient {SMT} solver for string constraints},
  journal   = {Formal Methods in System Design},
  volume    = {48},
  number    = {3},
  pages     = {206--234},
  year      = {2016}
  }


@inproceedings{joxan-cav16,
  author    = {Minh{-}Thai Trinh and
               Duc{-}Hiep Chu and
               Joxan Jaffar},
  title     = {Progressive Reasoning over Recursively-Defined Strings},
  pages     = {218--240},
  booktitle = {Proceedings of {CAV}'16},
  series    = {Lecture Notes on Computer Science},
  volume    = {9779},
  publisher = {Springer},
  year      = {2016}
  }

@inproceedings{DV13,
  author    = {Loris D'Antoni and
               Margus Veanes},
  title     = {Static Analysis of String Encoders and Decoders},
  booktitle = {Proceedings of {VMCAI}'13},
  pages     = {209--228},
  year      = {2013},
  series    = {Lecture Notes on Computer Science},
  volume    = {7737},
  publisher = {Springer}
}

@article{yu2011,
  author    = {Fang Yu and
               Tevfik Bultan and
               Oscar H. Ibarra},
  title     = {Relational String Verification Using Multi-Track Automata},
  journal   = {Int. J. Found. Comput. Sci.},
  volume    = {22},
  number    = {8},
  pages     = {1909--1924},
  year      = {2011}
}


@inproceedings{Z3-str,
   author    = {Yunhui Zheng and
               Xiangyu Zhang and
               Vijay Ganesh},
  title     = {Z3-str: {A} {Z}3-based string solver for web application analysis},
  booktitle = {Proceedings of ESEC/FSE'13},
  pages     = {114--124},
  year      = {2013},
  publisher = {{{ACM} Trans. Comput. Log.}}
}


@article{HAMPI,
    author    = {Adam Kiezun and
               Vijay Ganesh and
               Shay Artzi and
               Philip J. Guo and
               Pieter Hooimeijer and
               Michael D. Ernst},
  title     = {{HAMPI:} {A} solver for word equations over strings, regular expressions,
               and context-free grammars},
  journal   = {{{ACM} Trans. Comput. Log.}},
  volume    = {21},
  number    = {4},
  pages     = {25:1--25:28},
  year      = {2012}
}


@inproceedings{BEK,
   author    = {Pieter Hooimeijer and
               Benjamin Livshits and
               David Molnar and
               Prateek Saxena and
               Margus Veanes},
  title     = {Fast and Precise Sanitizer Analysis with {BEK}},
  year      = {2011},
  booktitle = {Proceedings of {USENIX}'11},
  publisher = {{USENIX} Association}
  }


@article{FPBL13,
  author    = {Xiang Fu and
               Michael C. Powell and
               Michael Bantegui and
               Chung{-}Chih Li},
  title     = {Simple linear string constraints},
  journal   = {{Formal Asp. Comput.}},
  volume    = {25},
  number    = {6},
  pages     = {847--891},
  year      = {2013}
}

@inproceedings{FL10,
  author    = {Xiang Fu and
               Chung{-}Chih Li},
  title     = {Modeling Regular Replacement for String Constraint Solving},
  booktitle = {Proceedings of {NFM}'10},
  pages     = {67--76},
  year      = {2010},
  series    = {{NASA}},
  volume    = {{NASA/CP-2010-216215}}
}


@inproceedings{Was08a,
  author    = {Gary Wassermann and
               Dachuan Yu and
               Ajay Chander and
               Dinakar Dhurjati and
               Hiroshi Inamura and
               Zhendong Su},
  title     = {Dynamic test input generation for web applications},
  booktitle = {Proceedings of {ISSTA}'08},
  pages     = {249--260},
  year      = {2008},
  publisher = {{{ACM} Trans. Comput. Log.}}
}


@incollection{ganesh-word,
  author    = {Vijay Ganesh and
               Mia Minnes and
               Armando Solar{-}Lezama and
               Martin C. Rinard},
  title     = {Word Equations with Length Constraints: {W}hat's Decidable?},
  booktitle = {Proceedings of {HVC}'12},
  pages     = {209--226},
  year      = {2012},
  series    = {Lecture Notes on Computer Science},
  volume    = {7857},
  publisher = {Springer}
}


@inproceedings{symbolic-transducer,
  author    = {Margus Veanes and
               Pieter Hooimeijer and
               Benjamin Livshits and
               David Molnar and
               Nikolaj Bj{\o}rner},
  title     = {Symbolic finite state transducers: {A}lgorithms and applications},
  booktitle = {Proceedings of {POPL}'12},
  pages     = {137--150},
  year      = {2012}, 
  publisher = {{{ACM} Trans. Comput. Log.}}
}


@inproceedings{Balzarotti08,
  author    = {Davide Balzarotti and
               Marco Cova and
               Viktoria Felmetsger and
               Nenad Jovanovic and
               Engin Kirda and
               Christopher Kruegel and
               Giovanni Vigna},
  title     = {Saner: {C}omposing Static and Dynamic Analysis to Validate Sanitization
               in Web Applications},
  booktitle = {Proceedings of {S{\&}P}'08},
  pages     = {387--401},
  year      = {2008},
  publisher = {IEEE Computer Society}
}


@inproceedings{Yu09,
  author    = {Fang Yu and
               Tevfik Bultan and
               Oscar H. Ibarra},
  title     = {Symbolic String Verification: {C}ombining String Analysis and Size Analysis},
  booktitle = {Proceedings of {TACAS}'09},
  pages     = {322--336},
  year      = {2009},
  series    = {Lecture Notes on Computer Science},
  volume    = {5505},
  publisher = {Springer}
}

@article{HW12,
  author    = {Pieter Hooimeijer and
               Westley Weimer},
  title     = {{StrSolve}: {S}olving string constraints lazily},
  journal   = { Autom. Softw. Eng.},
  year      = {2012},
  volume    = {19},
  number    = {4},
  pages     = {531--559}
}


@inproceedings{cvc4,
  author    = {Tianyi Liang and
               Andrew Reynolds and
               Cesare Tinelli and
               Clark Barrett and
               Morgan Deters},
  title     = {A {DPLL(T)} Theory Solver for a Theory of Strings and Regular Expressions},
  booktitle = {Proceedings of {CAV}'14},
  year      = {2014},
  pages     = {646--662},
  series    = {Lecture Notes on Computer Science},
  volume    = {8559},
  publisher = {Springer}
 }


@inproceedings{BTV09,
   author    = {Nikolaj Bj{\o}rner and
               Nikolai Tillmann and
               Andrei Voronkov},
  title     = {Path Feasibility Analysis for String-Manipulating Programs},
  booktitle = {Proceedings of {TACAS}'09},
  pages     = {307--321},
  year      = {2009},
  series    = {Lecture Notes on Computer Science},
  volume    = {5505},
  publisher = {Springer}
}

@inproceedings{S3,
  author    = {Minh{-}Thai Trinh and
               Duc{-}Hiep Chu and
               Joxan Jaffar},
  title     = {{S3:} {A} Symbolic String Solver for Vulnerability Detection in Web
               Applications},
  booktitle = {Proceedings of CCS},
  pages     = {1232--1243},
  year      = {2014},
  publisher = {{{ACM} Trans. Comput. Log.}}
}


@article{fmsd14,
  author    = {Fang Yu and
               Muath Alkhalaf and
               Tevfik Bultan and
               Oscar H. Ibarra},
  title     = {Automata-based symbolic string analysis for vulnerability detection},
  journal   = {Formal Methods in System Design},
  volume    = {44},
  number    = {1},
  pages     = {44--70},
  year      = {2014}
  }


@inproceedings{Stranger,
  author    = {Fang Yu and
               Muath Alkhalaf and
               Tevfik Bultan},
  title     = {Stranger: {A}n Automata-Based String Analysis Tool for {PHP}},
  booktitle = {Proceedings of {TACAS}'10},
  year      = {2010},
  pages     = {154-157},
  series    = {Lecture Notes on Computer Science},
  volume    = {6015},
  publisher = {Springer}
}


@INPROCEEDINGS{skiplist,
 author    = {H{\aa}kan Sundell and
               Philippas Tsigas},
  title     = {Fast and Lock-Free Concurrent Priority Queues for Multi-Thread Systems},
  booktitle = {Proceedings of {IPDPS}'03},
  pages     = {84},
  year      = {2003},
  publisher = {IEEE Computer Society}
}

@article{YaSa:queue,
  author    = {E. Yahav and
               S. Sagiv},
  title     = {Automatically Verifying Concurrent Queue Algorithms},
  journal   = {Electronic Notes in Theoretical Computer Science},
  volume    = {89},
  number    = {3},
  year      = {2003}
}


@inproceedings{Vafeiadis:vmcai09,
  author    = {V. Vafeiadis},
  title     = {Shape-Value Abstraction for Verifying Linearizability},
  booktitle = {Proceedings of VMCAI'09},
  year      = {2009},
  series    = {Lecture Notes on Computer Science},
  volume    = {5403},
  publisher = {Springer}
}

@inproceedings{Vafeiadis:RGSep,
  author    = {V. Vafeiadis},
  title     = {{RGSep} Action Inference},
  booktitle = {Proceedings of {VMCAI}'10},
  year      = {2010},
  series    = {Lecture Notes on Computer Science},
  volume    = {5944},
  publisher = {Springer}
}


@inproceedings{GBCS:pldi07,
  author    = {A. Gotsman and
               J. Berdine and
               B. Cook and
               M. Sagiv},
  title     = {Thread-modular shape analysis},
  booktitle = {Proceedings of PLDI'07},
  year      = {2007},
  publisher = {{ACM} Trans. Comput. Log.},
}



@INPROCEEDINGS{FlQa:spin03,
        Author = {C. Flanagan, S. Qadeer},
  title     = {Thread-Modular Model Checking},
	Booktitle = {SPIN'03},
  year      = {2003},
}


@article{Juggrnaut2015,
  author    = {Jonathan Heinen and
               Christina Jansen and
               Joost{-}Pieter Katoen and
               Thomas Noll},
  title     = {Juggrnaut: {U}sing graph grammars for abstracting unbounded heap structures},
  journal   = {Formal Methods in System Design},
  volume    = {47},
  number    = {2},
  year      = {2015}
}

@inproceedings{dudka13sas,
 author    = {Kamil Dudka and
               Petr Peringer and
               Tom{\'{a}}s Vojnar},
  title     = {Byte-Precise Verification of Low-Level List Manipulation},
  pages     = {215--237},
  year      = {2013},
  booktitle = {Proceedings of SAS'13},
  volume    = {7935},
  series    = {Lecture Notes on Computer Science},
  publisher = {Springer}
 }

@article{malcher_minimizing_2004,
author    = {Andreas Malcher},
  title     = {Minimizing finite automata is computationally hard},
  journal   = {Theoretical Computer Science},
  volume    = {327},
  number    = {3},
  pages     = {375--390},
  year      = {2004}
}

@article{jiang_minimal_1993,
   author    = {Tao Jiang and
               Bala Ravikumar},
  title     = {Minimal {NFA} Problems are Hard},
  journal   = {{SIAM} J. Comput.},
  volume    = {22},
  number    = {6},
  pages     = {1117--1141},
  year      = {1993}
}

@article{arnold_note_1992,
  author    = {Andr{\'{e}} Arnold and
               Anne Dicky and
               Maurice Nivat},
  title     = {A note about minimal non-deterministic automata},
  journal   = { Bulletin of the EATCS},
  volume    = {47},
  pages     = {166--169},
  year      = {1992}
}

@article{kameda_minimization_1970,
  author    = {Tsunehiko Kameda and
               Peter Weiner},
  title     = {On the State Minimization of Nondeterministic Finite Automata},
  journal   = {{IEEE Trans. Computers}},
  volume    = {19},
  number    = {7},
  pages     = {617--627},
  year      = {1970}
}

@article{polak_minimizations_2005,
author = {Pol{\'a}k, Libor},
title = {Minimalizations of {NFA} Using the Universal Automaton},
journal = {Int. J. Found. Comput. Sci.},
volume = {16},
number = {05},
pages = {999-1010},
year = {2005}
}

@article{brzozovski_decomposition_2003,
  author    = {Janusz A. Brzozowski and
               Tadeusz Luba},
  title     = {Decomposition of Boolean Functions Specified by Cubes},
  journal   = {Multiple-Valued Logic and Soft Computing},
  volume    = {9},
  number    = {4},
  pages     = {377--417},
  year      = {2003}
}

@inproceedings{amla_combining_2007,
  author    = {Nina Amla and
               Kenneth L. McMillan},
  title     = {Combining Abstraction Refinement and {SAT}-Based Model Checking},
  booktitle = {Proceedings of {TACAS}'07},
  pages     = {405--419},
  year      = {2007},
  series    = {Lecture Notes on Computer Science},
  volume    = {4424},
  publisher = {Springer}
}

@inproceedings{gange_unbounded_2013,
  author    = {Graeme Gange and
               Jorge A. Navas and
               Peter J. Stuckey and
               Harald S{\o}ndergaard and
               Peter Schachte},
  title     = {Unbounded Model-Checking with Interpolation for Regular Language Constraints},
  booktitle = {Proceedings of {TACAS}'13},
  pages     = {277--291},
  year      = {2013},
  series    = {Lecture Notes on Computer Science},
  volume    = {7795},
  publisher = {Springer}
}

@article{arlen,
  author    = {Arlen Cox and
               Jason Leasure},
  title     = {Model Checking Regular Language Constraints},
  journal   = {CoRR},
  volume    = {abs/1708.09073},
  year      = {2017}
}

@inproceedings{fang-yu-circuits,
  author    = {Hung{-}En Wang and
               Tzung{-}Lin Tsai and
               Chun{-}Han Lin and
               Fang Yu and
               Jie{-}Hong R. Jiang},
  title     = {String Analysis via Automata Manipulation with Logic Circuit Representation},
  booktitle = {Proceedings of {CAV}'16},
  pages     = {241--260},
  series    = {Lecture Notes on Computer Science},
  volume    = {9779},
  publisher = {Springer},
  year      = {2016}
}

%k-induction
@inproceedings{sheeran_kind_2000,
  author    = {Mary Sheeran and
               Satnam Singh and
               Gunnar St{\aa}lmarck},
  title     = {Checking Safety Properties Using Induction and a {SAT}-Solver},
  booktitle = {Proceedings of {FMCAD}'00},
  pages     = {108--125},
  year      = {2000},
  series    = {Lecture Notes on Computer Science},
  volume    = {1954},
  publisher = {Springer}
}

%IC3/PDR
@inproceedings{hoder_pdr_2012,
  author    = {Krystof Hoder and
               Nikolaj Bj{\o}rner},
  title     = {Generalized Property Directed Reachability},
  booktitle = {Proceedings of {SAT}'12},
  pages     = {157--171},
  year      = {2012},
  series    = {Lecture Notes on Computer Science},
  volume    = {7317},
  publisher = {Springer}
}

%IC3/PDR
@inproceedings{bradley_safety_2007,
  author    = {Aaron R. Bradley and
               Zohar Manna},
  title     = {Checking Safety by Inductive Generalization of Counterexamples to
               Induction},
  booktitle = {Proceedings of {FMCAD}'07},
  pages     = {173--180},
  year      = {2007},
  publisher = {IEEE Computer Society}
}


%BMC
@inproceedings{bierre_symbolic_1999,
  author    = {Armin Biere and
               Alessandro Cimatti and
               Edmund M. Clarke and
               Yunshan Zhu},
  title     = {Symbolic Model Checking without {B}{D}{D}s},
  booktitle = {Proceedings of {TACAS}'99},
  pages     = {193--207},
  year      = {1999},
  series    = {Lecture Notes on Computer Science},
  volume    = {1579},
  publisher = {Springer}
}

@article{dantini_afa_2016,
  author    = {Loris D'Antoni and
               Zachary Kincaid and
               Fang Wang},
  title     = {A Symbolic Decision Procedure for Symbolic Alternating Finite Automata},
  journal   = {CoRR},
  volume    = {abs/1610.01722},
  year      = {2016}
}

@article{schmitz_power_2014,
  author    = {Sylvain Schmitz and
               Philippe Schnoebelen},
  title     = {The Power of Well-Structured Systems},
  journal   = {CoRR},
  volume    = {abs/1402.2908},
  year      = {2014}
}

@article{BFL13,
  author    = {Pablo Barcel{\'{o}} and
               Diego Figueira and
               Leonid Libkin},
  title     = {Graph Logics with Rational Relations},
  journal   = {Logical Methods in Computer Science},
  year      = {2013},
  volume    = {9}
}


@inproceedings{mXSS,
  author    = {Mario Heiderich and
               J{\"{o}}rg Schwenk and
               Tilman Frosch and
               Jonas Magazinius and
               Edward Z. Yang},
  title     = {m{XSS} attacks: {A}ttacking well-secured web-applications by using inner{HTML}
               mutations},
  booktitle = {Proceedings of {CCS}'13},
  pages     = {777--788},
  year      = {2013},
  publisher = {{{ACM} Trans. Comput. Log.}}
}


@inproceedings{web-model,
  author    = {Joel Weinberger and
               Prateek Saxena and
               Devdatta Akhawe and
               Matthew Finifter and
               Eui Chul Richard Shin and
               Dawn Song},
  title     = {A Systematic Analysis of {XSS} Sanitization in Web Application Frameworks},
  booktitle = {Proceedings of {ESORICS}'11},
  pages     = {150--171},
  year      = {2011},
   volume    = {6879},
  publisher = {Springer}
}

@misc{closure,
    author = {Google co},
    title = {Google Closure Library (referred in {N}ov 2015)},
    howpublished =  "\url{https://developers.google.com/closure/library/}",
    year = {2015}
}



@article{distefano_biabduction_2011,
  author    = {Cristiano Calcagno and
               Dino Distefano and
               Peter W. O'Hearn and
               Hongseok Yang},
  title     = {Compositional Shape Analysis by Means of Bi-Abduction},
  journal   = {{{ACM} Trans. Comput. Log.}},
  volume    = {58},
  pages     = {26:1--26:66},
  year      = {2011}
}

@inproceedings{enea_compositional_2014,
  author    = {Constantin Enea and
               Ondrej Leng{\'{a}}l and
               Mihaela Sighireanu and
               Tom{\'{a}}s Vojnar},
  title     = {Compositional Entailment Checking for a Fragment of Separation Logic},
  booktitle = {Proceedings of {APLAS}'14},
  pages     = {314--333},
  year      = {2014},
  series    = {Lecture Notes on Computer Science},
  volume    = {8858},
  publisher = {Springer}
}

@inproceedings{iosif_deciding_2014,
  author    = {Radu Iosif and
               Adam Rogalewicz and
               Tom{\'{a}}s Vojnar},
  title     = {Deciding Entailments in Inductive Separation Logic with Tree Automata},
  booktitle = {Proceedings of {ATVA}'14},
  pages     = {201--218},
  series    = {Lecture Notes on Computer Science},
  volume    = {8837},
  publisher = {Springer},
  year      = {2014}
}

@ARTICLE{chen_learning_2017,
  author    = {Yu{-}Fang Chen and
               Chih{-}Duo Hong and
               Anthony W. Lin and
               Philipp R{\"{u}}mmer},
  title     = {Learning to Prove Safety over Parameterised Concurrent Systems (Full
               Version)},
  journal   = {CoRR},
  volume    = {abs/1709.07139},
  year      = {2017}
}


@article{leiss_succinct_1981,
title = {Succinct representation of regular languages by boolean automata},
journal = {Theoretical Computer Science},
volume = {13},
pages = {323 - 330},
year = {1981},
author = {Ernst Leiss}
}

@inproceedings{salomaa_implementing_1998,
  author    = {Sandra Huerter and
               Kai Salomaa and
               Xiuming Wu and
               Sheng Yu},
  title     = {Implementing Reversed Alternating Finite Automaton (r-{AFA}) Operations},
  booktitle = {{WIA}'98},
  pages     = {69--81},
  year      = {1998},
  series    = {Lecture Notes on Computer Science},
  volume    = {1660},
  publisher = {Springer}
}

@inproceedings{salomaa_efficient_1997,
  author    = {Kai Salomaa and
               Xiuming Wu and
               Sheng Yu},
  title     = {Efficient Implementation of Regular Languages Using {R-AFA}},
  booktitle = {{WIA}'97},
  pages     = {176--184},
  year      = {1997},
  series    = {Lecture Notes on Computer Science},
  volume    = {1436},
  publisher = {Springer}
}

@inproceedings{kloos_incremental_2013,
  author    = {Johannes Kloos and
               Rupak Majumdar and
               Filip Niksic and
               Ruzica Piskac},
  title     = {Incremental, Inductive Coverability},
  booktitle = {Proceedings of {CAV}'13},
  pages     = {158--173},
  year      = {2013},
  series    = {Lecture Notes on Computer Science},
  volume    = {8044},
  publisher = {Springer}
}

@article{ganty_fixed_2010,
  author    = {Pierre Ganty and
               Nicolas Maquet and
               Jean{-}Fran{\c{c}}ois Raskin},
  title     = {Fixed point guided abstraction refinement for alternating automata},
  journal   = {Theoretical Computer Science},
  volume    = {411},
  number    = {38-39},
  pages     = {3444--3459},
  year      = {2010}
}

@inproceedings{cece_foundation_2017,
  author    = {G{\'{e}}rard C{\'{e}}c{\'{e}}},
  title     = {Foundation for a series of efficient simulation algorithms},
  booktitle = {Proceedings of {LICS}'17},
  pages     = {1--12},
  year      = {2017},
  publisher = {IEEE Computer Society}
}

@article{ranzato_efficient_2010,
title = {An efficient simulation algorithm based on abstract interpretation},
journal = {Information and Computation},
volume = {208},
pages = {1-22},
year = {2010},
author = {Francesco Ranzato and Francesco Tapparo}
}

@article{seese_structure_1991,
author    = {Detlef Seese},
  title     = {The Structure of Models of Decidable Monadic Theories of Graphs},
  journal   = {Ann. Pure Appl. Logic},
  volume    = {53},
  number    = {2},
  pages     = {169--195},
  year      = {1991}
}

@inproceedings{veanes_thepower_2017,
  author    = {Loris D'Antoni and
               Margus Veanes},
  title     = {The Power of Symbolic Automata and Transducers},
  booktitle = {Proceedings of {CAV}'17},
  pages     = {47--67},
  year      = {2017},
  series    = {Lecture Notes on Computer Science},
  volume    = {10426},
  publisher = {Springer}
}

@inproceedings{bonchi_checking_2013,
  author    = {Filippo Bonchi and
               Damien Pous},
  title     = {Checking {NFA} equivalence with bisimulations up to congruence},
  booktitle = {Proceedings of {POPL}'13},
  pages     = {457--468},
  year      = {2013},
  publisher = {{{ACM} Trans. Comput. Log.}}
}

@inproceedings{regsy,
  author    = {Jad Hamza and
               Barbara Jobstmann and
               Viktor Kuncak},
  title     = {Synthesis for regular specifications over unbounded domains},
  booktitle = {Proceedings of {FMCAD}'10},
  year      = {2010},
  pages     = {101--109},
  publisher = {IEEE Computer Society}
}

@inproceedings{strand2,
  author    = {P. Madhusudan and
               Xiaokang Qiu},
  title     = {Efficient Decision Procedures for Heaps Using {STRAND}},
  booktitle = {Proceedings of {SAS}'11},
  year      = {2011},
  pages     = {43--59},
  series    = {Lecture Notes on Computer Science},
  volume    = {6887},
  publisher = {Springer}
}

@inproceedings{kuncak:trex,
  author    = {Thomas Wies and
               Marco Mu{\~{n}}iz and
               Viktor Kuncak},
  title     = {An Efficient Decision Procedure for Imperative Tree Data Structures},
  booktitle = {Proceedings of {CADE}'11},
  year      = {2011},
  pages     = {476--491},
  series    = {Lecture Notes on Computer Science},
  volume    = {6803},
  publisher = {Springer}
}

@book{kropf_hardware_1999,
 author = {Thomas Kropf},
 title = {Introduction to Formal Hardware Verification: {M}ethods and Tools for Designing Correct Circuits and Systems},
 year = {1999},
 edition = {1st},
 publisher = {Springer}
 } 

@inproceedings{madhusudan_decidable_2011,
  author    = {P. Madhusudan and
               Gennaro Parlato and
               Xiaokang Qiu},
  title     = {Decidable logics combining heap structures and data},
  booktitle = {Proceedings of {POPL}'11},
  pages     = {611--622},
  year      = {2011},
  publisher = {{{ACM} Trans. Comput. Log.}}
}

@inproceedings{matheja_treelike_2015,
  author    = {Christoph Matheja and
               Christina Jansen and
               Thomas Noll},
  title     = {Tree-Like Grammars and Separation Logic},
  booktitle = {Proceedings of {APLAS}'15},
  pages     = {90--108},
  year      = {2015},
  series    = {Lecture Notes on Computer Science},
  volume    = {9458},
  publisher = {Springer}
}

@inproceedings{iosif_treewidth_2013,
  author    = {Radu Iosif and
               Adam Rogalewicz and
               Ji\v{r}{\'{\i}} \v{S}im{\'{a}}\v{c}ek},
  title     = {The Tree Width of Separation Logic with Recursive Definitions},
  booktitle = {Proceedings of {CADE}'13},
  pages     = {21--38},
  year      = {2013},
  series    = {Lecture Notes on Computer Science},
  volume    = {7898},
  publisher = {Springer}
}

@article{culik_image_1993,
  author    = {Karel Culik and            Jarkko Kari},
  title     = {Image compression using weighted finite automata},
  journal   = {Computers \& Mathematics with Applications },
  volume    = {17},
  number    = {3},
  pages     = {305--313},
  year      = {1993}
}

@book{souza_modern_2011,
  title     = {Modern Applications of Automata Theory},
  series    = {IISc Research Monographs Series},
  volume    = {2},
  publisher = {World Scientific},
  year      = {2012},
  %editor    = {Deepak D'Souza and Priti Shankar},
 } 

@inproceedings{buchi_1960,
author = {J. R. B\"uchi},
title = {On a decision method in a restricted second order arithmetic},
publisher = {Stanford Univ. Press},
booktitle = {CLMPS}, 
pages = {1–11}, 
year = {1960}
}

@inproceedings{Subramanian_compressing_2005,
 author    = {Hariharan Subramanian and
               Priti Shankar},
  title     = {Compressing {XML} Documents Using Recursive Finite State Automata},
  booktitle = {Proceedings of {CIAA}'05},
  pages     = {282--293},
  year      = {2005}
 } 

@inproceedings{kuske_futher_2002,
  author    = {Dietrich Kuske},
  title     = {A Further Step towards a Theory of Regular {MSC} Languages},
  booktitle = {Proceedings of {STACS}'02},
  pages     = {489--500},
  year      = {2002},
  series    = {Lecture Notes on Computer Science},
  volume    = {2285},
  publisher = {Springer}
}

@inproceedings{jesper_regular_2000,
  author    = {Jesper G. Henriksen and
               Madhavan Mukund and
               K. Narayan Kumar and
               P. S. Thiagarajan},
  title     = {Regular Collections of Message Sequence Charts},
  booktitle = {Proceedings of {MFCS}'00},
  pages     = {405--414},
  year      = {2000},
  series    = {Lecture Notes on Computer Science},
  volume    = {1893},
  publisher = {Springer}
}

@inproceedings{jesper_MSG_2000,
  author    = {Jesper G. Henriksen and
               Madhavan Mukund and
               K. Narayan Kumar and
               P. S. Thiagarajan},
  title     = {On Message Sequence Graphs and Finitely Generated Regular {MSC} Languages},
  booktitle = {Proceedings of {ICALP}'00},
  pages     = {675--686},
  year      = {2000},
  series    = {Lecture Notes on Computer Science},
  volume    = {1853},
  publisher = {Springer}
}

@inproceedings{alur_MSC_1999,
  author    = {Rajeev Alur and
               Mihalis Yannakakis},
  title     = {Model Checking of Message Sequence Charts},
  booktitle = {Proceedings of {CONCUR}'99},
  pages     = {114--129},
  year      = {1999},
  series    = {Lecture Notes on Computer Science},
  volume    = {1664},
  publisher = {Springer}
}

@inproceedings{mayr_advanced_2013,
  author    = {Richard Mayr and
               Lorenzo Clemente},
  title     = {Advanced automata minimization},
  booktitle = {Proceedings of {POPL}'13},
  pages     = {63--74},
  year      = {2013},
  publisher = {{{ACM} Trans. Comput. Log.}}
}

@inproceedings{clemente_qutients_2011,
  author    = {Lorenzo Clemente},
  title     = {B{\"{u}}chi Automata Can Have Smaller Quotients},
  booktitle = {Proceedings of {ICALP}'11},
  pages     = {258--270},
  year      = {2011},
  series    = {Lecture Notes on Computer Science},
  volume    = {6756},
  publisher = {Springer}
}

@inproceedings{tguellouma_taminimization,
	author		= {Younes Guellouma and Hadda Cherroun and Djelloul Ziadi and Bruce W. Watson},
	title		= {From tree automata to string automata minimization},
	booktitle	= {Proceedings of {TTATT}'15},
	year		= 2015
}

@inproceedings{dantoni_taminimization_2016,
  author    = {Loris D'Antoni and
               Margus Veanes},
  title     = {Minimization of Symbolic Tree Automata},
  booktitle = {Proceedings of {LICS}'16},
  pages     = {873--882},
  publisher = {{{ACM} Trans. Comput. Log.}},
  year      = {2016}
}

@article{artmc,
  author    = {Ahmed Bouajjani and
               Peter Habermehl and
               Adam Rogalewicz and
               Tom{\'{a}}s Vojnar},
  title     = {Abstract regular (tree) model checking},
  journal   = {{STTT}},
  volume    = {14},
  number    = {2},
  pages     = {167--191},
  year      = {2012}
}

@inproceedings{lin_string_2016,
  author    = {Anthony Widjaja Lin and
               Pablo Barcel{\'{o}}},
  title     = {String solving with word equations and transducers: {T}owards a logic
               for analysing mutation {XSS}},
  booktitle = {Proceedings of {POPL}'16},
  pages     = {123--136},
  year      = {2016},
  publisher = {{{ACM} Trans. Comput. Log.}}
}

@inproceedings{dewulf_antichains_2006,
  author    = {Martin De Wulf and
               Laurent Doyen and
               Thomas A. Henzinger and
               Jean{-}Fran{\c{c}}ois Raskin},
  title     = {Antichains: {A} New Algorithm for Checking Universality of Finite
               Automata},
  booktitle = {Proceedings of {CAV}'06},
  pages     = {17--30},
  year      = {2006},
  series    = {Lecture Notes on Computer Science},
  volume    = {4144},
  publisher = {Springer}
}

  
  
  



%--------------------------------------------
%            XML
%--------------------------------------------

% a theory of automata for unrunked trees
@article{thatcher,
  author    = {James W. Thatcher},
  title     = {Characterizing Derivation Trees of Context-Free Grammars through a
               Generalization of Finite Automata Theory},
  journal   = {J. Comput. Syst. Sci.},
  volume    = {1},
  number    = {4},
  pages     = {317--322},
  year      = {1967}
}

% a theory of automata for unrunked trees
@article{takahashi,
  author    = {Masako Takahashi},
  title     = {Generalizations of Regular Sets and Their Application to a Study of
               Context-Free Languages},
  journal   = {Inf. Comput.},
  volume    = {27},
  number    = {1},
  pages     = {1--36},
  year      = {1975}
  }
  
  % hedge automata
  @TECHREPORT{murataz,
  AUTHOR =        {Anne Br\"{u}ggemann-Klein and Makoto Murata and Derick Wood},
  TITLE =         {Regular Tree and Regular Hedge Languages over Unranked Alphabets},
  NUMBER =        {HKTUST-TCSC-2001-05},
  INSTITUTION =   {HKTUST},  
  YEAR  =         {2001}  
}
  
  % tree walking automata
  @article{aho,
  author    = {Alfred V. Aho and
               Jeffrey D. Ullman},
  title     = {Translations on a Context-Free Grammar},
  journal   = {Inf. Comput.},
  volume    = {19},
  number    = {5},
  pages     = {439--475},
  year      = {1971}
  }
  
%--------------------------------------------
%          Automata on finite words
%--------------------------------------------

% automata on finite words
@inproceedings{buchifinite,
author={J. Richard B\"{u}chi},
title={Weak Second-Order Arithmetic and Finite Automata},
booktitle={The Collected Works of J. Richard B\"{u}chi},
year={1990},
publisher={Springer},
pages={398--424}
}

 % automata on finite words
  @article{elgot,
 author = {Calvin C. Elgot},
 journal = {Transactions of the American Mathematical Society},
 number = {1},
 pages = {21-51},
 publisher = {Amer. Math. Soc.},
 title = {Decision Problems of Finite Automata Design and Related Arithmetics},
 volume = {98},
 year = {1961}
}

% automata on finite words
@incollection{avron,
author={Avron, Arnon
and Dershowitz, Nachum
and Rabinovich, Alexander},
title={Boris {A.} {T}rakhtenbrot: {A}cademic Genealogy and Publications},
bookTitle={Pillars of Computer Science: {E}ssays Dedicated to Boris (Boaz) Trakhtenbrot on the Occasion of His 85th Birthday},
year={2008},
publisher={Springer},
pages={46--57}
}

  
%--------------------------------------------
%          Automata on infinite words
%--------------------------------------------

% finite-state automata on infinite inputs
@inproceedings{buchi,
    author = {J. Richard B\"{u}chi},
    booktitle = {The Collected Works of J. Richard B{\"u}chi},
    pages={425--435},
    publisher = {Springer},
    title = {{On a Decision Method in Restricted Second-Order Arithmetic}},
    year = {1990}
}


% an alternative definition of finite-state automata on infinite inputs
@inproceedings{muller,
 author = {David E. Muller},
 title = {Infinite Sequences and Finite Machines},
 booktitle = {Proceedings of SWCT'63},
 year = {1963},
 pages = {3--16},
 numpages = {14},
 publisher = {IEEE Computer Society}
 } 
 
%--------------------------------------------
%            Temporal logic
%--------------------------------------------

% temporal logic as a fromalism for specifying and verifying properties of programs
@incollection{emerson,
 author    = {E. Allen Emerson},
  title     = {Temporal and Modal Logic},
  booktitle = {Handbook of Theoretical Computer Science, Volume {B:} Formal Models
               and Sematics {(B)}},
  pages     = {995--1072},
  year      = {1990}
} 
 
 @inproceedings{pnueli,
  author    = {Amir Pnueli},
  title     = {The Temporal Logic of Programs},
  booktitle = {Proceedings of SFCS'77},
  pages     = {46--57},
  publisher = {IEEE Computer Society},
  year      = {1977}
    }
    
    
%--------------------------------------------
%            Tree automata
%--------------------------------------------

% teory of tree automata
@article{wright,
  author    = {James W. Thatcher and
               Jesse B. Wright},
  title     = {Generalized Finite Automata Theory with an Application to a Decision
               Problem of Second-Order Logic},
  journal   = {Mathematical Systems Theory},
  volume    = {2},
  number    = {1},
  pages     = {57--81},
  year      = {1968}
  }
  
  @article{doner,
  author    = {John Doner},
  title     = {Tree Acceptors and Some of Their Applications},
  journal   = {J. Comput. Syst. Sci.},
  volume    = {4},
  number    = {5},
  pages     = {406--451},
  year      = {1970}
   }
   
   % theory of automata on infinite trees
   @article{rabin,
author = { Michael O. Rabin},
journal = {The Bulletin of the American Meteorological Society },
number = {5},
pages = {1025--1029},
title = {Decidability of second-order theories and automata on infinite trees},
volume = {74},
year = {1968}
}

% automated termination analysis of rewriting systems
@inproceedings{tison,
author={Sophie Tison},
title={Tree Automata and Term Rewrite Systems},
booktitle={RTA'00},
volume    = {1833},
series = {Lecture Notes on Computer Science},
year={2000},
publisher={Springer},
pages={27--30},
% editor={Bachmair, Leo},
}

%--------------------------------------------
%      Decentralized Access Control
%--------------------------------------------

% finite state automatat for execution of access control policies specified using MSO
@book{kozen,
  author    = {Dexter Kozen},
  title     = {Automata and computability},
  series    = {UTiCS},
  publisher = {Springer},
  year      = {1997}
   }
   
   % FOL for reasoning of access control policies for digital content
   @article{halpern,
  author    = {Joseph Y. Halpern and
               Vicky Weissman},
  title     = {Using First-Order Logic to Reason about Policies},
  journal   = {{{ACM} Transactions on Computer Logic}},
  volume    = {11},
  number    = {4},
  pages     = {21:1--21:41},
  year      = {2008}
 }
  
  % access control policies, distributed algorithm that assembles a proof from various pieces
  @inproceedings{bauer,
  author    = {Lujo Bauer and
               Scott Garriss and
               Michael K. Reiter},
  title     = {Distributed Proving in Access-Control Systems},
  booktitle = {Proceedings of S{\&}P'05},
  pages     = {81--95},
  year      = {2005},
   publisher = {IEEE Computer Society}
  }

% collaborative environments, formal model to specify constraints on policies, including those that arise dynamically at runtime
@inproceedings{bertino,
  author    = {Elisa Bertino and
               Elena Ferrari and
               Vijayalakshmi Atluri},
  title     = {A flexible model supporting the specification and enforcement of role-based
               authorization in workflow management systems},
  booktitle = {Proceedings of {RBAC}'97},
  pages     = {1--12},
  year      = {1997},
   publisher = {{{ACM} Trans. Comput. Log.}}
}

%  focus on modeling dynamism in terms of time within acces control, define a logic-based model for access control policies involving time
@article{bertinodyn,
  author    = {Elisa Bertino and
               Claudio Bettini and
               Elena Ferrari and
               Pierangela Samarati},
  title     = {An Access Control Model Supporting Periodicity Constraints and Temporal
               Reasoning},
  journal   = {{{ACM} Trans. Comput. Log.}},
  volume    = {23},
  number    = {3},
  pages     = {231--285},
  year      = {1998}
 }
 
 % extensition of bertino, extension of bertino, formal mechanism for expressing authorization specifications for any application-specific requirements
 @article{jajodia,
  author    = {Sushil Jajodia and
               Pierangela Samarati and
               Maria Luisa Sapino and
               V. S. Subrahmanian},
  title     = {Flexible support for multiple access control policies},
  journal   = {{{ACM} Trans. Comput. Log.}},
  volume    = {26},
  number    = {2},
  pages     = {214--260},
  year      = {2001}
  }
  
  % FOL based context modeling for specification of context predicates
  @article{rangana,
  author    = {Anand Ranganathan and
               Roy H. Campbell},
  title     = {An infrastructure for context-awareness based on first order logic},
  journal   = {Personal and Ubiquitous Computing},
  volume    = {7},
  number    = {6},
  pages     = {353--364},
  year      = {2003}
  }
  
  % conversion of MSO formulea into automata
@inproceedings{thomas,
  author    = {Wolfgang Thomas},
  title     = {Languages, Automata, and Logic},
  booktitle = {Handbook of Formal Languages: {V}olume 3 Beyond Words},
  pages     = {389--455},
  year      = {1997},
   publisher = {Springer}
}

 
 % MONA
 @inproceedings{mona,
  author    = {Jesper G. Henriksen and
               Jakob L. Jensen and
               Michael E. J{\o}rgensen and
               Nils Klarlund and
               Robert Paige and
               Theis Rauhe and
               Anders Sandholm},
  title     = {Mona: {M}onadic Second-Order Logic in Practice},
  booktitle = {Proceedings of {TACAS} '95},
  pages     = {89--110},
  volume    = {1019},
  series = {Lecture Notes on Computer Science},
  year      = {1995},
  publisher = {Springer}
}

%--------------------------------------------
%      Reasoning about Heap Man. Progr. using Automata Techniques
%--------------------------------------------

% symbolic model checking, states represented symbolically
@book{clarke_2001,
  author    = {Edmund M. Clarke and
               Orna Grumberg and
               Doron A. Peled},
  title     = {Model checking},
  publisher = {{MIT}},
  year      = {2001}
  }

  @article{fribourg,
  author    = {Laurent Fribourg and
               Hans Ols{\'{e}}n},
  title     = {Reachability sets of parameterized rings as regular languages},
  journal   = {Electronic Notes in Theoretical Computer Science},
  volume    = {9},
  pages     = {40},
  year      = {1997}
  }

% finite word based representation of states
@inproceedings{nilsson,
  author    = {Parosh Aziz Abdulla and
               Bengt Jonsson and
               Marcus Nilsson and
               Mayank Saksena},
  title     = {A Survey of Regular Model Checking},
  booktitle = {Proceedings of {CONCUR}'04},
  pages     = {35--48},
  volume    = {3170},
  series = {Lecture Notes on Computer Science},
  year      = {2004},
  publisher = {Springer}
  }
  
  @inproceedings{jonsson,
  author    = {Bengt Jonsson and
               Marcus Nilsson},
  title     = {Transitive Closures of Regular Relations for Verifying Infinite-State
               Systems},
  booktitle = {Proceedings of {TACAS}'00},
  pages     = {220--234},
  year      = {2000},
 volume    = {1785},
  series    = {Lecture Notes on Computer Science},
  publisher = {Springer}
  }
  
  @inproceedings{paroshRMC,
  author    = {Parosh Aziz Abdulla and
               Bengt Jonsson and
               Marcus Nilsson and
               Julien d'Orso},
  title     = {Algorithmic Improvements in Regular Model Checking},
  booktitle = {Proceedings of {CAV}'03},
  pages     = {236--248},
  year      = {2003},
  series = {Lecture Notes on Computer Science},
  volume    = {2725},
  publisher = {Springer}
  }
     
  @article{touili,
  author    = {Tayssir Touili},
  title     = {Regular Model Checking using Widening Techniques},
  journal   = {Electronic Notes in Theoretical Computer Science},
  volume    = {50},
  number    = {4},
  pages     = {342--356},
  year      = {2001}
  }
  
  @article{habermehl,
  author    = {Peter Habermehl and
               Tom{\'{a}}s Vojnar},
  title     = {Regular Model Checking Using Inference of Regular Languages},
  journal   = {Electronic Notes in Theoretical Computer Science},
  volume    = {138},
  number    = {3},
  pages     = {21--36},
  year      = {2005}
  }
  
  % symbolic backward reachability of heaps  
  @inproceedings{paroshBackward,
  author    = {Parosh Aziz Abdulla and
               Ahmed Bouajjani and
               Jonathan Cederberg and
               Fr{\'{e}}d{\'{e}}ric Haziza and
               Ahmed Rezine},
  title     = {Monotonic Abstraction for Programs with Dynamic Memory Heaps},
  booktitle = {{CAV}'08},
  pages     = {341--354},
  year      = {2008},
   series    = {Lecture Notes on Computer Science},
  volume    = {5123},
  publisher = {Springer}
  }
  
  
  % representation of program store over formluea

  @inproceedings{podelski,
  author    = {Andreas Podelski and
               Thomas Wies},
  title     = {Boolean Heaps},
  booktitle = {{SAS}'05},
  pages     = {268--283},
  year      = {2005},
  series = {Lecture Notes on Computer Science},
volume    = {3672},
  publisher = {Springer}
  }
  
  @inproceedings{distefano,
  author    = {Dino Distefano and
               Peter W. O'Hearn and
               Hongseok Yang},
  title     = {A Local Shape Analysis Based on Separation Logic},
  booktitle = {Proceedings of  {TACAS}'06},
  pages     = {287--302},
  year      = {2006},
  series = {Lecture Notes on Computer Science},
  volume    = {3920},
  publisher = {Springer}
  }
  
%--------------------------------------------
%       Hoare-style reasoning 
%--------------------------------------------
 
 @inproceedings{berdine,
  author    = {Josh Berdine and
               Cristiano Calcagno and
               Peter W. O'Hearn},
  title     = {A Decidable Fragment of Separation Logic},
  booktitle = {Proceedings of {FSTTCS}'04},
  pages     = {97--109},
  year      = {2004}, 
  series    = {Lecture Notes on Computer Science},
  volume    = {3328},
  publisher = {Springer}
  }
  
  @inproceedings{calcagno,
  author    = {Cristiano Calcagno and
               Hongseok Yang and
               Peter W. O'Hearn},
  title     = {Computability and Complexity Results for a Spatial Assertion Language
               for Data Structures},
  booktitle = {Proceedings of APLAS'01},
  pages     = {289--300},
  year      = {2001}
  }
  
  @inproceedings{gardner,
  author    = {Cristiano Calcagno and
               Philippa Gardner and
               Matthew Hague},
  title     = {From Separation Logic to First-Order Logic},
  booktitle = {Proceedings of {FOSSACS}'05},
  pages     = {395--409},
  year      = {2005},
  series    = {Lecture Notes on Computer Science},
  volume    = {3441},
  publisher = {Springer}
  }
  
  
  @inproceedings{klarlund_1993,
  author    = {Nils Klarlund and
               Michael I. Schwartzbach},
  title     = {Graph Types},
  booktitle = {Proceedings of {POPL}' 93},
  pages     = {196--205},
  year      = {1993},
  publisher = {{{ACM} Trans. Comput. Log.}},
  }
  @inproceedings{oisif,
  author    = {Marius Bozga and
               Radu Iosif and
               Yassine Lakhnech},
  title     = {On Logics of Aliasing},
  booktitle = {Proceedings of {SAS}'04},
  pages     = {344--360},
  year      = {2004},
  series = {Lecture Notes on Computer Science},
   volume    = {3148},
  publisher = {Springer}
  }
  
  @inproceedings{jensen,
  author    = {Jakob L. Jensen and
               Michael E. J{\o}rgensen and
               Nils Klarlund and
               Michael I. Schwartzbach},
  title     = {Automatic Verification of Pointer Programs using Monadic Second-Order
               Logic},
  booktitle = {Proceedings of {PLDI} '97},
  pages     = {226--236},
  year      = {1997},
  publisher = {{{ACM} Trans. Comput. Log.}}
   }
   
%--------------------------------------------
%       DCVALID
%--------------------------------------------
   
% DCVALID tool built on top of MONA
  @TECHREPORT{dcvalid,
    author = {Paritosh K. Pandya},
    title = {Specifying and Deciding Quantified Discrete-time Duration Calculus Formulae using DCVALID},
    institution = {Real-Time Tools},
    year = {2000}
} 
  
%--------------------------------------------
%      Automata on Distributed Alphabets
%--------------------------------------------



% asynchronous automata
@article{zielonka,
  author    = {Wieslaw Zielonka},
  title     = {Notes on Finite Asynchronous Automata},
  journal   = {{ITA}},
  volume    = {21},
  number    = {2},
  pages     = {99--135},
  year      = {1987}
  }
  
  % Mazurkowicz trace theory
  @inproceedings{mazur,
  author    = {Antoni W. Mazurkiewicz},
  title     = {Basic notions of trace theory},
  booktitle = {Proceedings of LTBT POL'88},
  pages     = {285--363},
  year      = {1988},
  series    = {Lecture Notes on Computer Science},
  volume    = {354},
  publisher = {Springer}
  }
  
  % time-stamping for asynchronous automata
  @inproceedings{klarlund,
  author    = {Nils Klarlund and
               Madhavan Mukund and
               Milind A. Sohoni},
  title     = {Determinizing Asynchronous Automata},
  booktitle = {Proceedings of {ICALP}'94},
  pages     = {130--141},
  year      = {1994},
  series    = {Lecture Notes on Computer Science},
  volume    = {820},
  publisher = {Springer}
  }
  
  @inproceedings{thia,
  author    = {P. S. Thiagarajan},
  title     = {A Trace Based Extension of Linear Time Temporal Logic},
  booktitle = {Proceedings of {LICS} '94},
  pages     = {438--447},
  year      = {1994},
publisher = {IEEE Computer Society},
  year      = {1994}
  }
  
  @article{cori,
  author    = {Robert Cori and
               Yves M{\'{e}}tivier and
               Wieslaw Zielonka},
  title     = {Asynchronous Mappings and Asynchronous Cellular Automata},
  journal   = {Inf. Comput.},
  volume    = {106},
  number    = {2},
  pages     = {159--202},
  year      = {1993}
  }
  
  % bisimulation
  @book{milner,
  author    = {Robin Milner},
  title     = {Communication and concurrency},
  series    = {{PHI}},
  publisher = {Prentice Hall},
  year      = {1989}
  }
  
  @inproceedings{park,
  author    = {David Michael Ritchie Park},
  title     = {Concurrency and Automata on Infinite Sequences},
  booktitle = {Proceedings of {Theoretical Computer Science}'81},
  pages     = {167--183},
  year      = {1981}
  }
  
  
%--------------------------------------------
%       Type Checking of Tree Walking Transducers   
%--------------------------------------------

@inproceedings{mollerxml,
  author    = {Anders M{\o}ller and
               Michael I. Schwartzbach},
  title     = {The Design Space of Type Checkers for {XML} Transformation Languages},
  booktitle = {Proceedings of {ICDT}'05},
  pages     = {17--36},
  year      = {2005}
  }
  
  % exponential time
  
  @article{martnes,
  author    = {Wim Martens and
               Frank Neven},
  title     = {On the complexity of typechecking top-down {XML} transformations},
  journal   = {Theoretical Computer Science},
  volume    = {336},
  number    = {1},
  pages     = {153--180},
  year      = {2005}
  }
  
  
  % xml
  @article{engel,
  author    = {Joost Engelfriet and
               Sebastian Maneth},
  title     = {A comparison of pebble tree transducers with macro tree transducers},
  journal   = {Acta Inf.},
  volume    = {39},
  number    = {9},
  pages     = {613--698},
  year      = {2003}
  }
  
  @article{engel2,
  author    = {Joost Engelfriet},
  title     = {The time complexity of typechecking tree-walking tree transducers},
  journal   = {Acta Inf.},
  volume    = {46},
  number    = {2},
  pages     = {139--154},
  year      = {2009}
  }
  
  % top down tree transducers
  @article{rounds,
  author    = {William C. Rounds},
  title     = {Mappings and Grammars on Trees},
  journal   = {Mathematical Systems Theory},
  volume    = {4},
  number    = {3},
  pages     = {257--287},
  year      = {1970}
  }
  
  @inproceedings{thatcher2,
  author    = {James W. Thatcher},
  title     = {Transformations and Translations from the Point of View of Generalized
               Finite Automata Theory},
  booktitle = {Proceedings of STOC'69},
  pages     = {129--142},
  year      = {1969},
  publisher = {{{ACM} Trans. Comput. Log.}}
  }
  
  % tree walking automata with output strings
  
  @article{fulop,
  author    = {Zolt{\'{a}}n F{\"{u}}l{\"{o}}p},
  title     = {On attributed tree transducers},
  journal   = {Acta Cybern.},
  volume    = {5},
  number    = {3},
  pages     = {261--279},
  year      = {1981}
  }
  
  @inproceedings{yi,
  author    = {Johan Bengtsson and
               Wang Yi},
  title     = {Timed Automata: Semantics, Algorithms and Tools},
  booktitle = {Proceedings of {ACPN}'03},
  pages     = {87--124},
  year      = {2003},
  series    = {Lecture Notes on Computer Science},
  volume    = {3098},
  publisher = {Springer}
  }
  
  
  % theory of TA
  @article{alur,
  author    = {Rajeev Alur and
               David L. Dill},
  title     = {A Theory of Timed Automata},
  journal   = {Theoretical Computer Science},
  volume    = {126},
  number    = {2},
  pages     = {183--235},
  year      = {1994}
  }
  
  % integer programming
  @book{garey,
  author    = {M. R. Garey and
               David S. Johnson},
  title     = {Computers and Intractability: {A} Guide to the Theory of NP-Completeness},
  publisher = {W. H. Freeman},
  year      = {1979}
  }
  
  % backward algorithms
  @article{delzanno,
  author    = {Giorgio Delzanno},
  title     = {Constraint-Based Verification of Parameterized Cache Coherence Protocols},
  journal   = {Formal Methods in System Design},
  volume    = {23},
  number    = {3},
  pages     = {257--301},
  year      = {2003}}
  
  @article{paroshBack,
  author    = {Parosh Aziz Abdulla and
               Bengt Jonsson},
  title     = {Undecidable Verification Problems for Programs with Unreliable Channels},
  journal   = {Inf. Comput.},
  volume    = {130},
  number    = {1},
  pages     = {71--90},
  year      = {1996}
  }
  
  @article{paroshQuasi,
  author    = {Parosh Aziz Abdulla and
               Karlis Cerans and
               Bengt Jonsson and
               Yih{-}Kuen Tsay},
  title     = {Algorithmic Analysis of Programs with Well Quasi-ordered Domains},
  journal   = {Inf. Comput.},
  volume    = {160},
  number    = {1-2},
  pages     = {109--127},
  year      = {2000}
  }
  
 @article{finkel,
      author = {Alain Finkel and Philippe Schnoebelen},
    title = {Well-Structured Transition Systems Everywhere!},
    journal = {Theoretical Computer Science},
    year = {1998},
    volume = {256},
    number = {1},
    pages = {2001}
}

% push-down automata
@phdthesis{schwoon,
  author    = {Stefan Schwoon},
  title     = {Model checking pushdown systems},
  school    = {TUM, Germany},
  year      = {2002}
  }
  
  @inproceedings{esparza,
  author    = {Javier Esparza and
               David Hansel and
               Peter Rossmanith and
               Stefan Schwoon},
  title     = {Efficient Algorithms for Model Checking Pushdown Systems},
  booktitle = {Proceedings of {CAV}'00},
  pages     = {232--247},
  year      = {2000},
  series    = {Lecture Notes on Computer Science},
  volume    = {1855},
  publisher = {Springer}
  }
  
  
%--------------------------------------------
%       Temporal Logic  
%--------------------------------------------

@article{clarke,
  author    = {Edmund M. Clarke and
               E. Allen Emerson and
               A. Prasad Sistla},
  title     = {Automatic Verification of Finite-State Concurrent Systems Using Temporal
               Logic Specifications},
  journal   = {{{ACM} Trans. Comput. Log.}},
  volume    = {8},
  number    = {2},
  pages     = {244--263},
  year      = {1986}
  }
  
  @inproceedings{sifakisTL,
  author    = {Jean{-}Claude Fernandez and
               Jean{-}Philippe Schwartz and
               Joseph Sifakis},
  title     = {An Example of Specification and Verification in Cesar},
  booktitle = {Proceedings of ACS},
  pages     = {199--210},
  year      = {1983}
  }
  
  @inproceedings{grum,
  author    = {Edmund M. Clarke and
               Orna Grumberg and
               David E. Long},
  title     = {Model checking},
  booktitle = {Proceedings of {NATO}'96},
  pages     = {305--349},
  year      = {1996}
  }
 
 @article{vardi,
  author    = {Moshe Y. Vardi and
               Pierre Wolper},
  title     = {Reasoning About Infinite Computations},
  journal   = {Inf. Comput.},
  volume    = {115},
  number    = {1},
  pages     = {1--37},
  year      = {1994}
  }
  
  @article{vardi2,
  author    = {David Harel and
               Orna Kupferman and
               Moshe Y. Vardi},
  title     = {On the Complexity of Verifying Concurrent Transition Systems},
  journal   = {Inf. Comput.},
  volume    = {173},
  number    = {2},
  pages     = {143--161},
  year      = {2002}
  }
  
  @inproceedings{vardiFly,
  author    = {Rob Gerth and
               Doron A. Peled and
               Moshe Y. Vardi and
               Pierre Wolper},
  title     = {Simple on-the-fly automatic verification of linear temporal logic},
  booktitle = {Proceedings of {IFIP}'95},
  pages     = {3--18},
  year      = {1995}
  }
  
%--------------------------------------------
%       Automata over Infinite Alphabets
%--------------------------------------------

@book{hop,
  author    = {John E. Hopcroft and
               Jeffrey D. Ullman},
  title     = {Introduction to Automata Theory, Languages and Computation},
  publisher = {Addison-Wesley},
  year      = {1979}
  }
  
  @book{jeff,
  author    = {Alfred V. Aho and
               Ravi Sethi and
               Jeffrey D. Ullman},
  title     = {Compilers: {P}rinciples, Techniques, and Tools},
  series    = {World student series edition},
  publisher = {Addison-Wesley},
  year      = {1986}
  }
  
  @article{kami,
  author    = {Michael Kaminski and
               Nissim Francez},
  title     = {Finite-Memory Automata},
  journal   = {Theoretical Computer Science},
  volume    = {134},
  number    = {2},
  pages     = {329--363},
  year      = {1994}
  }
  
  @article{neven,
  author    = {Frank Neven and
               Thomas Schwentick and
               Victor Vianu},
  title     = {Finite state machines for strings over infinite alphabets},
  journal   = {{{ACM} Trans. Comput. Log.}},
  volume    = {5},
  number    = {3},
  pages     = {403--435},
  year      = {2004}
  }
  
  @inproceedings{manuel,
  author    = {Amaldev Manuel and
               Ramaswamy Ramanujam},
  title     = {Counting Multiplicity over Infinite Alphabets},
  booktitle = {Proceedings of {RP}'09},
  pages     = {141--153},
  year      = {2009}
  }
  
  @inproceedings{bojan,
  author    = {Miko{\l}aj Boja{\'{n}}czyk and
               Anca Muscholl and
               Thomas Schwentick and
               Luc Segoufin and
               Claire David},
  title     = {Two-Variable Logic on Words with Data},
  booktitle = {Proceedings of {LICS}' 06},
  pages     = {7--16},
  year      = {2006},
  publisher = {IEEE Computer Society}
  }
  
  @inproceedings{demri,
  author    = {St{\'{e}}phane Demri and
               Ranko Lazic},
  title     = {{LTL} with the Freeze Quantifier and Register Automata},
  booktitle = {Proceedings of {LICS}'06},
  pages     = {17--26},
  year      = {2006},
  publisher = {IEEE Computer Society}
  }
  
  
  
  @article{gure,
  author    = {Yuri Gurevich},
  title     = {On the Classical Desicion Problem},
  journal   = {Bulletin of the  Bulletin of the EATCS},
  volume    = {42},
  pages     = {140--150},
  year      = {1990}
  }
  
  @phdthesis{kamp,
  author    = {H. Kamp},
  title     = {On Tense Logic and the Theory of Order},
  school    = {UCLA},
  year      = {1968}
  }
  
  @article{fran,
  author    = {Nissim Francez and
               Michael Kaminski},
  title     = {An algebraic characterization of deterministic regular languages over
               infinite alphabets},
  journal   = {Theoretical Computer Science},
  volume    = {306},
  number    = {1-3},
  pages     = {155--175},
  year      = {2003}
  }
  
  @inproceedings{kaminski,
  author    = {Michael Kaminski and
               Tony Tan},
  title     = {Regular Expressions for Languages over Infinite Alphabets},
  booktitle = {Proceedings of {COCOON}'04},
  pages     = {171--178},
  year      = {2004},
  series    = {Lecture Notes on Computer Science},
  volume    = {3106},
  publisher = {Springer}
  }

%%%%%%%%%% EUROCAST %%%%%%%%%%%%%%%%%%%%

@inproceedings{eurocast22,
  author       = {Tom{\'{a}}s Fiedor and
                  Martin Hruska and
                  Ales Smrcka},
  title        = {Orchestrating Digital Twins for Distributed Manufacturing Execution
                  Systems},
  booktitle    = {Proceedings of EUROCAST'22},
  series       = {Lecture Notes in Computer Science},
  volume       = {13789},
  pages        = {223--231},
  publisher    = {Springer},
  year         = {2022},
}

  @misc{elastic,
    title = "Elasticsearch Homepage",
    howpublished = {\url{https://www.elastic.co}},
    note = {Accessed: 2011-11-11}
  }
  
  @inproceedings{csight,
    author    = {Ivan Beschastnikh and
                 Yuriy Brun and
                 Michael D. Ernst and
                 Arvind Krishnamurthy},
    title     = {Inferring models of concurrent systems from logs of their behavior
                 with CSight},
    booktitle = {Proceedings of ICSE '14},
    pages     = {468--479},
    publisher = {{ACM}},
    year      = {2014},
  }
  
  @book{procmin,
    author    = {Wil M. P. van der Aalst},
    title     = {Process Mining - Data Science in Action, Second Edition},
    publisher = {Springer},
    year      = {2016},
    %isbn      = {978-3-662-49850-7},
  }
  
  @inproceedings{procmindist,
    author    = {Maikel Leemans and Wil M. P. van der Aalst},
    title     = {Process Mining in Software Systems: Discovering real-life business transactions and process models from distributed systems},
    booktitle = {Proceedings of MODELS'15},
    pages     = {44--53},
    publisher = {{IEEE}},
    year      = {2015},
    %doi = {10.1109/MODELS.2015.7338234},
  }
  
  @inproceedings{havlena,
    author    = {Petr Matousek and
                 Vojtech Havlena and
                 Luk{\'{a}}s Hol{\'{\i}}k},
    title     = {Efficient Modelling of {ICS} Communication For Anomaly Detection Using
                 Probabilistic Automata},
    booktitle = {Proceedings of IM'21},
    pages     = {81--89},
    publisher = {{IEEE}},
    year      = {2021},
  }
  
  @inproceedings{wcre09,
  author = {Christopher Ackermann},
  year = {2009},
  month = {10},
  pages = {53-61},
  title = {Recovering Views of Inter-System Interaction Behaviors},
  booktitle = {Proceedings of Working Conference on Reverse Engineering 2009, Lille, France},
  }
  
  @inproceedings{prospex,
    author    = {Paolo Milani Comparetti and
                 Gilbert Wondracek and
                 Christopher Kr{\"{u}}gel and
                 Engin Kirda},
    title     = {Prospex: Protocol Specification Extraction},
    booktitle = {Proceedings of S{\&}P 2009},
    pages     = {110--125},
    publisher = {{IEEE} Computer Society},
    year      = {2009},
  }
  
  @inproceedings{icpn08,
    author    = {Yating Hsu and
                 Guoqiang Shu and
                 David Lee},
    title     = {A model-based approach to security flaw detection of network protocol
                 implementations},
    booktitle = {Proceedings of {ICNP} 2008},
    pages     = {114--123},
    publisher = {{IEEE} Computer Society},
    year      = {2008},
  }
  
  
  @misc{ref_market,
    title = {{MarketsandMarkets Research Pvt. Ltd. "Industrial Control Systems (ICS)
   Security Market worth \$22.2 billion by 2025"}},
    howpublished = {\url{https://www.marketsandmarkets.com/PressReleases/industrial-control-systems-security-ics.asp}, Last accessed 11.~Nov 2022}
  }
  
  @misc{ref_tyrant,
    title = {{Repository of Tyrant}},
    howpublished = {\url{https://pajda.fit.vutbr.cz/tacr-unis/tyrant}, Last accessed 11.~Nov 2022}
  }
  
  @misc{ref_cryton,
    title = {{Repository of Cryton}},
    howpublished = {\url{https://gitlabdev.ics.muni.cz/beast-public/cryton}, Last accessed 11.~Nov 2022}
  }

  @misc{ref_dtm,
    title = {{Website of DTM Data Generator for JSON}},
    howpublished = {\url{https://sqledit.com/jsongenerator/index.html}, Last accessed 8.~Sep 2022}
  }

  @misc{ref_stg,
    title = {{Website of JSON Schema TestData Generator}},
    howpublished = {\url{https://www.npmjs.com/package/json-schema-test-data-generator}, Last accessed 8.~Sep 2022}
  }

  @inproceedings{xmlscheme,
    author={Bertolino, Antonia and Gao, Jinghua and Marchetti, Eda and Polini, Andrea},
    booktitle={Proceedings of AST '07}, 
    title={Automatic Test Data Generation for XML Schema-based Partition Testing}, 
    year={2007},
    %doi={10.1109/AST.2007.6}}

  @article{xpath1,
    author = {Ostrand, T. J. and Balcer, M. J.},
    title = {The Category-Partition Method for Specifying and Generating Fuctional Tests},
    year = {1988},
    issue_date = {June 1988},
    publisher = {Association for Computing Machinery},
    address = {New York, NY, USA},
    journal = {Communications of ACM},
    volume = {31},
    number = {6},
    % issn = {0001-0782},
    %doi = {10.1145/62959.62964},
  }

  @inproceedings{xpath2,
    author={La Riva, Claudio De and Garcia-Fanjul, Jose and Tuya, Javier},
    booktitle={Proceedings of ICSEA'06}, 
    title={A Partition-Based Approach for XPath Testing}, 
    year={2006},
    %doi={10.1109/ICSEA.2006.261273}
  }


%%%%%%%%%%%%%%% OTHERS %%%%%%%%%%%%%%%%%%%%%%%%%%
@inproceedings{fmcad18,
  author    = {Viktor Mal{\'{\i}}k and
               Martin Hru\v{s}ka and
               Peter Schrammel and
               Tom{\'{a}}\v{s} Vojnar},
  title     = {Template-Based Verification of Heap-Manipulating Programs},
  booktitle = {Proceedings of FMCAD'18},
  pages     = {1--9},
  publisher = {{IEEE}},
  year      = {2018},
  %editor    = {Nikolaj S. Bj{\o}rner and Arie Gurfinkel},
}

@inproceedings{CVS18,
  author    = {Marek Chalupa and
               Martina Vitovsk{\'{a}} and
               Jan Strejcek},
  title     = {{SYMBIOTIC} 5: Boosted Instrumentation - (Competition Contribution)},
  booktitle = TACAS,
  pages     = {442--446},
  year      = {2018},
  OPTurl       = {https://doi.org/10.1007/978-3-319-89963-3_29},
  OPTdoi       = {10.1007/978-3-319-89963-3_29},
  series    = LNCS,
  volume    = {10806},
  publisher = SPRINGER,
}

@InProceedings{fmics12,
author={Ji{\v{r}}{\'i} Slab{\'y}, 
and Jan Strej{\v{c}}ek,
and Marek Trt{\'i}k}
title={Checking Properties Described by State Machines: On Synergy of Instrumentation, Slicing, and Symbolic Execution},
booktitle={Proceeding of FMICS'12},
year={2012},
publisher={Springer Berlin Heidelberg},
address={Berlin, Heidelberg},
pages={207--221},
isbn={978-3-642-32469-7}
}

@InProceedings{fm23,
author={Franti{\v{s}}ek Blahoudek,
and Yu-Fang Chen,
and David Chocholat{\'y},
and Vojt{\v{e}}ch Havlena,
and Luk{\'a}{\v{s}} Hol{\'i}k,
and Ond{\v{r}}ej Leng{\'a}l,
and Juraj S{\'i}{\v{c}}}
title={Word Equations in Synergy with Regular Constraints},
booktitle={Proceedings of FM'23},
year={2023},
publisher={Springer International Publishing},
pages={403--423},
}

@misc{ref_z3noodler,
    title = {{Repository of Z3-Noodler}},
    howpublished = {\url{https://github.com/VeriFIT/z3-noodler}, Last accessed 2.~July 2023}
  }

@inproceedings{BK11,
  author    = {Dirk Beyer and
               M. Erkan Keremoglu},
  title     = {{CPAchecker: A Tool for Configurable Software Verification}},
  booktitle = CAV,
  pages     = {184--190},
  year      = {2011},
  series    = LNCS,
  volume    = {6086},
  publisher = SPRINGER,
}

@inproceedings{HCDGHLNM18,
  author    = {Matthias Heizmann and
               Yu{-}Fang Chen and
               Daniel Dietsch and
               Marius Greitschus and
               Jochen Hoenicke and
               Yong Li and
               Alexander Nutz and
               Betim Musa and
               Christian Schilling and
               Tanja Schindler and
               Andreas Podelski},
  title     = {Ultimate Automizer and the Search for Perfect Interpolants - (Competition
               Contribution)},
  booktitle = TACAS,
  pages     = {447--451},
  year      = {2018},
}

@inproceedings{BLW15,
  author    = {Dirk Beyer and
               Stefan L{\"{o}}we and
               Philipp Wendler},
  title     = {Benchmarking and Resource Measurement},
  booktitle = {SPIN},
  pages     = {160--178},
  year      = {2015},
  series    = LNCS,
  volume    = {9232},
  publisher = SPRINGER,
}

@inproceedings{kind,
  title={Checking Safety Properties Using Induction and a SAT-Solver},
  author={Mary Sheeran and Satnam Singh and Gunnar St{\aa}lmarck},
  booktitle={Proceedings of FMCAD'00},
  publisher = {{IEEE}},
  year={2000}
}

@inproceedings{kiki,
  author    = {Martin Brain and 
               Saurabh Joshi and 
               Daniel Kroening and
               Peter Schrammel},
  title     = {{Safety Verification and Refutation by $k$-Invariants and $k$-Induction}},
  booktitle = {Proceeedings of SAS'15},
  pages     = {145--161},
  year      = {2015},
  volume    = {9291},
  publisher = {Springer},
}

@article{svcomp-2ls,
  author    = {Viktor Mal{\'{\i}}k and
               Martin Hru\v{s}ka and
               Peter Schrammel and
               Tom{\'{a}}\v{s} Vojnar},
  title     = {2LS: Heap Analysis and Memory Safety (Competition Contribution)},
  journal   = {CoRR},
  volume    = {abs/1903.00712},
  year      = {2019},
  url       = {http://arxiv.org/abs/1903.00712},
  eprinttype = {arXiv},
  eprint    = {1903.00712},
  timestamp = {Sat, 30 Mar 2019 19:27:21 +0100},
}

@inproceedings{2ls:tacas,
author = {Peter Schrammel and Daniel Kroening},
title = {2LS for Program Analysis},
publisher = {Springer-Verlag},
year = {2016},
isbn = {9783662496732},
address = {Berlin, Heidelberg},
booktitle = {Proceeding of TACAS'16},
pages = {905–907},
}

@inproceedings{svcomp-symbiotic,
  author    = {Marek Chalupa and
               Tom{\'{a}}\v{s} Ja\v{s}ek and
               Luk{\'{a}}\v{s} Tomovic and
               Martin Hru\v{s}ka and
               Veronika \v{S}okov{\'{a}} and
               Paul{\'{\i}}na Ayaziov{\'{a}} and
               Jan Strejcek and
               Tom{\'{a}}\v{s} Vojnar},
  title     = {Symbiotic 7: Integration of Predator and More - (Competition Contribution)},
  booktitle = {Proceedings of TACAS'20},
  series    = {Lecture Notes on Computer Science},
  volume    = {12079},
  pages     = {413--417},
  publisher = {Springer},
  year      = {2020},
  %editor    = {Armin Biere and David Parker},
}

@ARTICLE{rabin-scott,
  author={Rabin, M. O. and Scott, D.},
  journal={IBM Journal of Research and Development}, 
  title={Finite Automata and Their Decision Problems}, 
  year={1959},
  volume={3},
  number={2},
  pages={114-125},
  %doi={10.1147/rd.32.0114}}
}
